2320 4126
178 310 334 345 PRAEL.
355 312 424 343 ιν.
550 301 654 344 tam
680 288 990 353 Borealiwm,
1018 308 1169 359 quam
1195 289 1535 341 Australimn.
1856 290 1921 339 51

515 423 640 471 Quid
661 438 732 466 me
752 422 954 466 futurum
977 428 1106 465 esset.

508 495 539 538 J
542 495 698 538 uvenis
721 494 854 537 didici
874 507 1135 536 mucronem
1156 493 1341 549 tingere.

510 566 665 609 Alium
685 581 836 624 regem
857 566 973 609 bello
993 566 1136 623 magis
1157 566 1375 623 inclytum

511 635 652 682 Nullo
671 653 872 696 unquam
893 645 1091 695 tempore
1114 638 1191 680 Dii
1210 637 1481 681 invitabunt.

511 710 557 753 N
559 725 619 754 on
640 717 708 754 est
726 709 924 767 lugenda
945 724 1083 753 mors.

515 801 820 858 Pugnavimus
841 800 1039 844 ensibus.

516 874 615 917 Fert
636 873 812 916 animus
834 879 876 916 et
898 879 1078 916 cantum
1099 879 1143 915 et
1163 872 1298 915 vitam
1320 871 1459 914 finire.

515 945 712 989 Invitant
733 959 804 988 me
824 944 1035 1001 virgines,
1053 944 1244 988 invitant
1267 944 1434 994 Parcae,

516 1017 642 1065 Quas
663 1032 717 1060 ex
740 1015 880 1060 odini
901 1017 1002 1059 aula

513 1089 608 1133 Rex
631 1090 832 1133 Deorum
852 1088 963 1132 mihi
983 1089 1161 1132 obviam
1182 1089 1316 1132 misit.

511 1160 664 1204 Laetus
685 1160 851 1204 mellita
870 1161 1031 1216 pocula
1050 1160 1203 1203 bibam

513 1233 567 1276 In
589 1248 766 1277 summa
787 1233 905 1285 sede,
928 1249 1030 1277 cum
1050 1232 1397 1276 Immortalibus.

515 1305 691 1362 Elapsae
701 1306 797 1363 jam
818 1305 986 1349 abeunt
1006 1305 1182 1349 vivendi
1204 1304 1342 1348 horae.

515 1378 682 1423 Ridens
705 1379 914 1423 moriarn.

267 1474 408 1531 Non
464 1482 585 1531 tam
634 1474 835 1532 Poetae
886 1476 1148 1531 vividum
1198 1471 1519 1550 ingenium,
1570 1492 1742 1547 quam
1795 1470 1941 1528 veri-

182 1578 369 1628 tatem
415 1571 602 1644 ipsam
648 1571 986 1628 ferocientis
1026 1571 1207 1627 animi
1253 1588 1590 1645 expressam
1631 1570 1940 1642 verbisque

183 1668 441 1724 effictam
466 1668 694 1724 videtis,
759 1666 977 1742 Neque
1001 1667 1190 1734 aliter,
1216 1667 1314 1742 qui
1339 1668 1561 1741 primus
1591 1667 1651 1721 in
1675 1665 1943 1722 ardentia

183 1764 301 1831 illa,
327 1763 699 1821 Americanis
731 1763 1308 1838 Septentrionalibus
1339 1763 1598 1839 vulgata,
1629 1762 1855 1836 erupit:

518 1862 548 1880 “
576 1857 648 1900 En
670 1872 746 1900 cor
766 1856 1041 1913 impavidum
1061 1863 1226 1908 manet,

637 1929 732 1972 Nec
753 1928 891 1972 taedas
913 1943 1067 1980 renuo,
1090 1943 1171 1972 nec
1192 1935 1343 1971 metuo
1363 1928 1492 1971 mori.

578 2001 627 2043 Si
648 2016 781 2059 quem
802 2001 905 2044 talia
923 2001 1141 2052 territant,

638 2073 720 2115 Est
740 2072 827 2123 ille,
850 2079 917 2115 est
937 2072 1111 2123 mulier,
1131 2086 1213 2115 seu
1234 2071 1342 2130 quid
1363 2071 1562 2115 inertius.

576 2145 753 2188 Fortem
775 2145 934 2196 vivere,
959 2159 1038 2188 seu
1057 2145 1185 2196 mori,

637 2216 760 2265 Quid
780 2217 942 2260 refert?
1000 2217 1143 2260 Furiis
1169 2216 1236 2260 O!
1270 2217 1405 2260 modo
1427 2217 1594 2274 perciti,

578 2289 700 2332 Diris
720 2289 910 2340 attoniti,
931 2289 1094 2332 cadant

638 2363 830 2406 Hostes!
867 2362 907 2406 Ο
931 2362 1101 2405 utinam
1124 2361 1354 2405 candidior
1375 2361 1468 2405 dies

575 2434 743 2477 Tradat
765 2434 1005 2477 semineces
1027 2433 1138 2476 mihi

638 2505 937 2557 Mandendos,
961 2505 1081 2548 sanie
1102 2506 1261 2562 pocula
1282 2504 1483 2548 condiat⁰
1501 2509 1508 2547 !
1525 2506 1555 2525 '’

184 2612 428 2678 Contra,
463 2610 698 2668 Pacifici
734 2608 922 2664 Maris
951 2608 1348 2683 indigenae,—

661 2702 763 2745 ἔνθα
783 2702 985 2758 μακάρων

661 2776 794 2817 νᾶσον
812 2772 1054 2816 Ὠκεάνιδες

660 2844 784 2902 αῧραι
805 2844 1169 2901 περιπνέουσιν--

190 2921 534 2978 mollissimo
595 2920 918 2976 carminum
978 2938 1195 2994 genere
1254 2919 1530 2976 dicuntur
1587 2922 1708 2979 uti:
1771 2923 1944 2998 quale

190 3025 361 3074 extat
406 3017 551 3073 illud
592 3017 793 3072 naeniae
833 3015 1249 3090 fragmentum,
1298 3016 1488 3092 reguli
1534 3018 1837 3092 cujusdam
1883 3023 1944 3077 in

190 3115 394 3170 funere
426 3114 647 3170 cantati
668 3132 680 3168 ε

518 3207 551 3227 “
570 3202 829 3261 Tranquilla
847 3203 1037 3261 trepidat
1058 3204 1200 3247 imber
1220 3205 1266 3247 in
1288 3205 1427 3248 maris
1450 3206 1560 3257 loca,

642 3275 862 3319 Moerente
882 3276 1022 3332 patria
1044 3275 1294 3332 Principem
1312 3293 1321 3318 z

572 3346 768 3390 Imbrem
783 3362 994 3391 vocemus
1010 3350 1025 3388 ?
1058 3362 1114 3390 an
1130 3349 1324 3404 lacryma
1339 3355 1489 3391 manat
1508 3349 1607 3401 Dei,

644 3418 735 3466 Qui
756 3427 908 3462 nostra
928 3434 1103 3477 cunque
1123 3426 1369 3476 temperatp
1384 3421 1435 3462 ?’'

251 3539 279 3563 ¹¹
301 3535 403 3577 Vid.
427 3535 502 3578 Ol.
528 3535 719 3579 Wormii
740 3537 919 3593 Antiqu.
944 3538 1062 3580 Dan.
1087 3553 1129 3593 p.
1157 3549 1258 3593 205,
1283 3537 1324 3580 6.
1371 3538 1458 3580 Hic
1480 3553 1619 3594 pauca
1640 3538 1845 3595 quaedam
1866 3539 1947 3580 im—

195 3592 409 3636 mutanda
430 3592 551 3644 duxi,
574 3594 722 3636 nescio
745 3610 802 3637 an
822 3595 1031 3650 ineptius,
1055 3595 1305 3638 Latinitatis
1329 3610 1474 3638 causa.

250 3655 267 3673 ⁰
290 3649 567 3703 Charlevoix‚
590 3652 659 3694 La
677 3653 844 3694 France
866 3653 1086 3704 Nouvelle,
1108 3660 1141 3694 t.
1165 3653 1224 3695 iii.
1244 3668 1287 3709 p.
1315 3667 1413 3709 243.

251 3714 276 3743 P
301 3707 425 3759 Ellis,
448 3709 709 3764 Polynesian
731 3710 1007 3761 Researekes,
1029 3711 1117 3754 vol.
1142 3710 1170 3752 i.
1194 3725 1236 3766 p.
1260 3724 1362 3767 531.

1026 3775 1130 3826 ΕΞ
