2320 4126
300 202 410 261 372
806 205 894 260 De
919 206 1093 260 tacitis
1122 205 1277 261 Obori
1303 208 1573 280 Auyuriis.
1825 230 1986 267 PRAEL.
2007 232 2103 267 xx.

305 368 427 408 non
467 350 596 408 sine
635 351 957 411 manifesta
986 353 1244 435 εἰρωνείᾳ,
1275 361 1415 431 post
1451 357 1786 416 orationem
1818 356 2108 437 Oly-taem-

304 455 528 508 nestrae
558 449 702 509 satis
732 450 1083 529 ambiguam
1102 461 1181 511 ¹¹¹:

667 573 774 632 αὕτη
795 574 875 633 μὲν
895 573 1033 622 οὕτως
1053 572 1148 621 εἷπε
1167 575 1431 634 μανθάνοντί
1451 595 1528 623 σοι

668 650 869 706 τοροῖσιν
890 649 1151 707 ἑρμηνεῦσιν
1172 650 1398 709 εὐπρεπῶς
1417 652 1587 710 λόγοις.

305 749 539 828 Ecquid
600 751 766 811 aliud
825 754 1086 813 censetis
1146 755 1468 834 significari
1535 757 1887 835 gravissima
1947 754 2108 814 illius

307 848 475 908 velut
504 851 730 910 oraculi
762 851 1034 911 clausula
1055 852 1128 912 ¹¹?

788 975 828 1021 εἷ
848 975 896 1020 δὲ
916 975 975 1034 μὴ
997 976 1239 1036 τεταγμένα

785 1051 919 1108 μοῖρα
939 1052 1098 1109 μοῖραν
1119 1050 1167 1095 ἐκ
1189 1050 1302 1097 θεῶν

789 1119 909 1183 εἶργε
928 1122 987 1181 μὴ
1008 1122 1148 1170 πλέον
1169 1123 1340 1185 φέρειν,

784 1197 1098 1257 προφθάσασα
1120 1199 1276 1257 καρδία

785 1274 1007 1332 γλῶσσαν
1026 1269 1080 1318 ἂν
1103 1272 1196 1319 τάδ’
1221 1273 1383 1333 ἐξέχει.

787 1350 864 1393 νῦν
884 1346 921 1392 δ’
944 1348 1031 1393 ὑπὸ
1053 1348 1201 1410 σκότῳ
1221 1347 1378 1407 βρέμει

786 1419 1015 1481 θυμαλγής
1034 1439 1098 1474 τε,
1120 1422 1190 1466 καὶ

785 1494 914 1540 οὐδὲν
934 1494 1213 1553 ἐπελπομένα
1232 1495 1342 1541 ποτὲ
1363 1496 1533 1556 καίριον
1554 1495 1894 1543 ἐκτολυπεύσειν

785 1568 1119 1628 ζωπυρουμένας
1139 1571 1320 1629 φρενός.

299 1680 418 1740 His
464 1682 687 1740 diserte
733 1680 1004 1739 fatentur
1048 1699 1241 1750 seneS,
1273 1679 1433 1739 velle
1478 1700 1542 1739 se
1587 1681 1833 1758 quidem
1879 1683 2107 1742 nefaria

298 1781 549 1840 consilia
577 1781 861 1859 pandere,
895 1780 999 1839 sed
1047 1780 1288 1839 obstare
1332 1788 1569 1839 metum
1608 1782 1758 1839 coeci
1794 1782 2106 1859 cujusdam

299 1880 427 1950 fati,
458 1879 810 1957 τεταγμένης
852 1887 1070 1960 μοῖρας,
1103 1900 1242 1957 quae
1280 1878 1561 1938 Deorum·
1599 1880 1863 1957 ipsorum
1906 1881 2103 1950 effata,

296 1988 501 2061 μοῖραν
537 1980 595 2037 ἐκ
633 1983 784 2048 θεῶν,
823 1985 1102 2038 coerceat
1133 1979 1601 2056 quodammodO,
1634 1985 1697 2037 et
1735 1986 1905 2038 vetet
1935 1981 2107 2057 quid-

298 2099 481 2158 quam
523 2078 831 2157 proficere.
923 2078 1023 2136 Ita
1051 2078 1138 2147 fit,
1173 2098 1395 2157 magno
1427 2078 1614 2157 Regis
1653 2078 2004 2144 infortunio,
2034 2087 2105 2138 ut

298 2179 573 2256 quamvis
603 2177 1006 2236 aestuantibus
1050 2178 1269 2236 animis
1307 2185 1569 2236 taceant.
1669 2177 1834 2248 Quin
1865 2186 1928 2238 et
1960 2178 2105 2238 Cas-

297 2278 549 2347 sandrae,
581 2276 742 2335 clara
773 2276 1145 2346 vaticinanti,
1177 2297 1299 2335 non
1346 2277 1589 2354 plenam
1630 2277 1859 2336 habent
1898 2278 2101 2348 fidem,

296 2397 488 2454 usque
525 2396 615 2446 e0,
647 2377 793 2434 dum
826 2396 947 2435 vox
967 2377 1321 2437 vmoribundi
1364 2377 1548 2435 etiam
1582 2375 1768 2456 Regis
1803 2396 1976 2437 aures
2017 2379 2104 2436 fe-

296 2477 428 2536 riat.

383 2576 523 2647 Quo
554 2581 762 2634 autem
798 2573 1000 2652 plures
1030 2573 1300 2651 undique
1332 2573 1700 2652 suspiciones
1730 2573 2097 2652 ingerantur,

297 2697 370 2736 eo
414 2676 607 2754 magis
655 2675 912 2733 miretur
956 2673 1173 2751 aliquis
1217 2693 1574 2752 generosam
1620 2671 2100 2751 Agamemnonis

296 2775 599 2843 fiduciam,
653 2793 725 2832 ac
785 2772 1240 2849 simplicitatem
1301 2792 1442 2832 vere
1502 2771 1849 2842 militarem,
1911 2773 2100 2831 immo

295 2892 648 2953 germanam
692 2872 989 2949 pietatem
1027 2873 1156 2930 sine
1187 2871 1328 2931 fuco
1360 2878 1424 2930 et
1455 2870 1744 2940 fallaciis3
1794 2872 1896 2947 qui
1933 2870 2101 2930 nulla

294 2991 565 3050 unquam
606 2971 928 3030 formidine
960 2977 1320 3040 commotUS,
1350 2972 1438 3030 ita
1466 2990 1531 3030 se
1562 2970 1841 3029 laudibus
1883 2969 2101 3039 efferri,

296 3078 544 3150 propter
571 3070 814 3149 Trojam
854 3070 1178 3142 devictam,
1214 3072 1464 3148 patitur,
1502 3077 1572 3128 ut
1617 3069 1848 3129 caelesti
1894 3077 2101 3129 tamen

294 3170 530 3230 numini
561 3189 806 3228 omnem
837 3170 1084 3228 omnino
1113 3169 1370 3249 gloriam
1400 3169 1665 3228 tribuat:

657 3298 834 3354 πρῶτον
852 3294 934 3353 μὲν
942 3291 1113 3354 *Αργος
1135 3293 1206 3339 καὶ
1227 3293 1356 3341 θεοὺς
1375 3293 1619 3354 ἐγχωρίους

659 3368 756 3426 δίκη
776 3370 1052 3428 προσειπεῖν.

297 3472 525 3533 Nescio
562 3474 845 3551 equidem
891 3494 969 3533 an
1010 3473 1248 3532 nullum
1293 3473 1454 3551 apud
1486 3472 1743 3532 Poetam
1789 3477 1963 3530 extet
2005 3471 2097 3528 in-

621 3676 660 3701 m
692 3670 848 3727 Ayam.
873 3671 978 3728 598.
1468 3676 1495 3698 ¹¹
1526 3667 1641 3711 Ibid.
1665 3681 1768 3726 993.
