2320 4126
143 286 295 319 PRAEL.
324 287 374 318 x.
541 265 710 318 metiri
733 262 1012 316 solennibus
1037 264 1312 332 ‹tyre-stium
1338 265 1481 315 notis.
1787 269 1892 320 155

226 406 570 482 Cujusmodi
607 412 715 473 est,
747 406 970 480 opinor,
1007 411 1070 461 et
1109 404 1277 472 illud,
1310 403 1615 461 Discoboli
1655 411 1894 481 gestum

144 502 414 579 praeclare
444 501 782 575 exprimens
801 507 828 535 ¹¹
851 519 863 557 ε

377 601 518 644 ὁσσόν
539 618 603 645 τις
623 598 660 644 τ’
683 598 841 657 ἕρῤιψε
862 598 1113 655 καλαύροπα
1133 601 1348 652 βουκόλος
1367 597 1488 655 ἀνήρ·

378 671 402 727 ἡ
425 672 475 715 δέ
495 671 531 715 θ’
556 671 821 728 ἑλισσομένη
842 671 1015 715 πέτεται
1037 673 1105 715 διὰ
1125 674 1232 725 βοῦς
1252 671 1470 730 ἀγελαίας·

377 745 547 788 τοσσὸν
567 745 726 788 παντὸς
746 744 910 801 ἀγῶνος
930 744 1168 802 ὑπέρβαλε.

147 826 401 893 Videtis,
463 825 829 891 Academici,
881 845 1007 881 rem
1060 826 1223 900 quasi
1283 824 1658 890 levissimam,
1715 822 1898 898 (quod

146 924 206 978 iu
247 941 309 978 re
345 921 712 998 gymnastica
746 922 1050 996 proprium
1082 929 1172 978 est
1203 929 1265 978 et
1295 922 1699 997 praecipuuln,)
1733 919 1898 976 velut

146 1020 304 1077 aliud
355 1019 603 1095 agendO,
661 1018 899 1093 perfici:
960 1016 1134 1092 plane
1184 1017 1337 1073 sicut
1389 1017 1448 1072 in
1502 1016 1715 1073 statuis
1772 1016 1899 1072 fieri

146 1117 427 1182 videmUS,
457 1121 526 1171 ut
556 1134 808 1189 quaeque
839 1114 1159 1170 bellissime
1190 1132 1252 1170 se
1281 1113 1500 1170 habere
1531 1119 1835 1188 putantur.

228 1211 403 1280 Quod
443 1211 490 1268 si
521 1212 615 1268 cui
649 1211 1008 1267 videbuntur
1042 1210 1144 1266 illa
1185 1211 1436 1266 nimium
1469 1210 1738 1277 trivialia,
1769 1210 1900 1267 haec

149 1314 327 1374 certe,
358 1327 492 1382 quae
538 1326 666 1364 sum
709 1307 990 1372 dicturuS,
1023 1307 1244 1362 nemini
1290 1326 1408 1363 non
1447 1312 1622 1362 erunt
1657 1307 1715 1362 in
1759 1305 1904 1362 deli-

150 1405 271 1474 ciis,
303 1404 404 1479 qui
434 1403 648 1460 leviter
681 1404 859 1459 modo
891 1402 1076 1460 oculis
1116 1404 1511 1479 perstringere
1555 1410 1718 1460 amet
1769 1401 1902 1459 coeli

151 1520 217 1558 ac
246 1507 534 1557 terrarum
564 1500 777 1556 faciem
798 1508 845 1555 x·

375 1597 551 1644 Ὀσσον
571 1597 607 1642 δ’
630 1597 842 1656 ἠεροειδὲς
862 1598 966 1655 ἀνὴρ
987 1596 1077 1642 ἴδεν
1097 1597 1411 1655 ὀφθαλμοῖσιν,

380 1671 533 1728 ἥμενος
553 1671 598 1715 ἐν
620 1674 794 1727 σκοπιῇ,
816 1669 1022 1714 λεύσσων
1044 1670 1114 1713 ἐπὶ
1136 1667 1287 1713 οἴνοπα
1306 1671 1478 1721 πόντον,

381 1745 549 1788 τόσσον
569 1742 889 1801 ἐπιθρώσκουσι
911 1742 1018 1786 θεῶν
1038 1741 1232 1800 ὑψηχέες
1251 1739 1390 1785 ἵπποι.

153 1831 463 1906 Exquisite
486 1832 798 1888 adumbrat
828 1830 976 1887 illud
1000 1830 1094 1887 vel
1125 1830 1322 1906 pueris
1353 1838 1579 1897 notum,
1605 1830 1678 1886 de
1709 1829 1905 1886 excel-

153 1929 301 1986 siore
358 1928 488 1985 loco
545 1927 1071 2004 prospicientibus3
1137 1927 1293 2002 quod
1353 1927 1551 1983 nescio
1609 1927 1905 2001 quomodo

154 2045 280 2083 sese
344 2025 646 2082 effundere
717 2025 983 2100 cupiunt,
1043 2031 1105 2081 et
1173 2027 1234 2080 in
1304 2043 1438 2081 aere
1497 2024 1661 2099 quasi
1720 2043 1906 2081 vacuo

152 2123 415 2198 spatiari.
504 2121 665 2190 Quin
695 2130 756 2179 et
786 2122 978 2178 vicina
1007 2141 1144 2178 cum
1179 2121 1595 2178 remotioribus
1628 2129 1907 2196 peracute

161 2219 336 2278 simul
367 2226 429 2276 et
460 2238 597 2276 vere
626 2219 975 2294 composuit,
1006 2219 1162 2293 quod
1194 2218 1347 2274 dixit
1382 2216 1529 2274 illud
1562 2225 1594 2248 ‘⁶
1617 2215 1909 2295 ἦεροειδὲς”

157 2324 218 2373 et
249 2324 283 2348 ‘⁶
311 2315 559 2372 οἵνοπα.”

237 2411 374 2467 Jam
405 2419 674 2486 tempora
703 2431 938 2487 quoque
967 2432 1085 2468 non
1117 2413 1290 2468 aliter
1319 2418 1524 2468 notare
1559 2418 1720 2467 amat
1740 2419 1782 2466 -V,

385 2517 541 2576 Ὀφρα
561 2519 641 2575 μὲν
659 2522 742 2576 ἥως
762 2517 813 2575 ἦν
834 2521 902 2562 καὶ
922 2520 1072 2575 ἀέξετο
1095 2521 1209 2577 ἱερὸν
1228 2519 1357 2577 ἦμαρ,

389 2593 533 2650 τόφρα
553 2591 654 2648 μάλ’
677 2591 935 2650 ἀμφοτέρων
955 2591 1075 2646 βέλε’
1099 2593 1271 2649 ἥπτετο,
1291 2592 1418 2636 πίπτε
1444 2592 1491 2635 δὲ
1512 2594 1631 2637 λαός·

390 2663 495 2721 ἦμος
515 2664 563 2707 δὲ
580 2664 790 2720 δρυτόμος
808 2683 891 2721 περ
912 2664 1016 2722 ἀνὴρ
1039 2665 1300 2709 ὡπλίσσατο
1322 2665 1483 2722 δόρπον

393 2739 540 2793 οὔρεος
560 2736 605 2779 ἐν
625 2734 867 2791 βήσσῃσιν,
889 2735 984 2780 ε’πεί
1003 2735 1038 2780 τ’
1063 2736 1330 2793 ἐκορέσσατο
1350 2739 1499 2794 χεῖρας

392 2809 559 2864 τάμνων
579 2807 755 2864 δένδρεα
773 2808 928 2864 μακρὰ,
951 2808 1053 2853 ἅδος
1072 2808 1122 2851 τέ
1140 2828 1212 2865 μιν
1233 2807 1347 2852 ἵκετο
1369 2808 1517 2865 θυμόν,

395 2881 521 2925 σίτου
543 2899 589 2924 τε
609 2882 837 2938 γλυκεροῖο
858 2881 956 2937 περὶ
978 2881 1142 2938 φρένας
1162 2879 1308 2938 ἵμερος
1328 2882 1452 2938 αἱρεῖ·

394 2955 524 3009 τῆμος
547 2954 642 3011 σφῇ
664 2951 792 3009 ἀρετῇ
820 2954 977 2996 Δαναοὶ
992 2952 1178 3011 ῥήξαντο
1201 2954 1450 3011 φάλαγγας.

162 3039 510 3115 Opportune
546 3043 742 3099 medio
778 3042 984 3118 proelio
1022 3043 1421 3100 dulcissimam
1467 3042 1768 3118 tranquilli
1810 3062 1914 3100 ne-

161 3137 338 3193 moris
389 3138 706 3214 imaginem
776 3140 1163 3214 interposuit:
1238 3159 1355 3214 quo
1414 3141 1590 3207 fact0,
1649 3139 1914 3215 paullum

163 3233 408 3307 respirat
452 3234 681 3290 animus
713 3234 1051 3292 vulneribus
1096 3243 1157 3292 et
1199 3236 1356 3292 caede
1401 3235 1682 3292 continua
1711 3236 1914 3293 fessus·

166 3327 354 3384 Novit
385 3336 446 3385 et
478 3326 766 3406 Virgilius
795 3330 1001 3387 horam
1032 3330 1306 3406 operibus
1337 3330 1710 3407 designarezz

405 3464 619 3481 ........
634 3437 714 3481 ubi
734 3439 877 3495 prima
899 3439 1022 3496 quies
1043 3438 1191 3481 medio
1207 3432 1466 3495 jam'noctis
1488 3430 1656 3482 abactae

408 3506 643 3552 Curriculo
661 3510 888 3566 expulerat
910 3525 1148 3562 somnum3
1182 3524 1263 3553 ceu
1284 3510 1468 3554 foemina
1486 3510 1699 3567 primum,

167 3606 186 3624 ν
219 3600 271 3644 11.
295 3600 414 3643 xxiii.
437 3601 539 3657 845.
730 3609 748 3627 ¹
778 3617 819 3646 v.
846 3614 963 3664 770„
1003 3646 1007 3649 ,
1097 3592 1103 3600 “
1138 3611 1155 3636 y
1185 3605 1243 3647 xi.
1261 3605 1334 3657 84.
1525 3612 1541 3630 ²
1571 3606 1918 3665 AEn.v111.407.
