2320 4126
309 210 421 263 234
822 210 966 278 Quid
987 211 1159 265 valeat
1184 211 1275 264 Im·
1302 210 1607 264 ἐπεισοὸῒον.
1822 229 1984 264 PRAEL.
2001 229 2112 264 xw.

309 355 673 414 invenienda
715 357 828 425 via,
870 375 990 433 qua
1034 355 1247 432 subjici
1292 361 1497 432 posset
1543 352 1748 431 Ulyssi
1786 374 1962 431 paene
2003 354 2115 413 soli

307 473 523 512 manus
567 461 695 513 tam
742 455 939 513 valida
983 474 1303 532 procorum
1326 474 1338 512 ε
1408 472 1610 510 11011116
1657 452 1742 510 ibi
1794 453 2109 511 consilium

308 553 557 631 fingitur
587 573 663 611 ex
694 554 825 629 ipsa
855 553 1082 630 tugurii
1114 550 1394 629 pauperis
1426 550 1710 627 οἰκονομίᾳ
1739 551 2110 610 eductumu3

549 688 797 747 Τηλέμαχε,
818 687 906 746 χρὴ
929 685 1071 746 τεύχε’
1094 686 1250 746 Ἀρήϊα
1271 686 1483 745 κατθέμεν
1503 685 1612 732 εἵσω

549 763 692 807 πάντα
711 760 832 820 μάλ’·
867 762 1005 820 αὐτὰρ
1026 763 1282 820 μνηστῆρας
1301 762 1516 818 μαλακοῖς
1538 759 1750 807 ἐπέεσσιν

548 835 832 894 παρφάσθαι,
856 833 931 880 ὅτε
953 834 1026 880 κέν
1047 854 1102 880 σε
1122 836 1408 894 μεταλλῶσιν
1427 833 1676 882 ποθέοντες·

551 914 581 933 “
604 909 650 953 ἐκ
672 911 838 954 καπνοῦ
861 908 1080 967 κατέθηχ’·
1116 906 1210 954 ἐπεὶ
1232 908 1375 954 οὐκέτι
1397 911 1543 954 τοῖσιν
1565 907 1703 970 ἐῴκει,

551 986 582 1005 “
604 979 675 1026 οἷα
694 1000 804 1026 ποτε
825 982 1033 1041 Τροίηνδε
1058 983 1158 1027 κιὼν
1180 981 1436 1027 κατέλειπεν
1454 980 1722 1031 Ὀδυσσεὺς,

552 1059 583 1078 “
603 1054 722 1099 ἀλλὰ
743 1054 1017 1112 κατῄκισται,
1042 1054 1188 1102 ὅσσον
1207 1056 1347 1115 πυρὸς
1367 1053 1468 1100 ἵκετ’
1492 1053 1676 1113 ἀῦτμή.”

396 1182 517 1240 Sed
551 1183 713 1240 enim
747 1184 1040 1242 universis
1071 1183 1237 1242 hisce
1267 1184 1454 1254 libris,
1481 1184 1585 1261 qui
1618 1189 1759 1242 sunt
1792 1183 1868 1241 de
1893 1181 2112 1261 Ulysse

308 1282 656 1340 mendicum
689 1282 1031 1350 simulante,
1065 1284 1167 1341 vix
1199 1284 1526 1360 quidquam
1561 1283 1659 1361 agi
1690 1283 1975 1350 inveniaS,
2000 1283 2112 1340 nisi

309 1400 387 1439 ex
418 1400 673 1457 persona
702 1381 963 1440 hominis
993 1382 1056 1439 in
1086 1383 1290 1459 inopia
1327 1384 1483 1440 bene
1516 1383 1753 1440 versati.

400 1480 482 1537 Et
506 1480 791 1556 quoniam
809 1481 1185 1540 mentionem
1206 1481 1305 1539 hic
1330 1482 1584 1539 fecimus
1607 1482 1749 1539 nodi
1782 1480 1989 1557 (quem
2015 1500 2118 1538 vo-

310 1582 477 1654 cant)
503 1580 692 1637 totius
724 1580 1037 1655 poematis,
1063 1581 1267 1637 videte
1293 1586 1592 1656 quantum
1616 1580 1692 1637 ad
1716 1598 1857 1637 eum
1882 1578 2118 1637 solven-

310 1679 455 1735 dum
478 1698 553 1735 ex
575 1677 693 1735 alia
712 1698 951 1754 quoque
970 1686 1142 1755 parte
1162 1679 1434 1737 conferat
1456 1677 1713 1736 Homeri
1733 1697 1875 1756 erga
1894 1698 2118 1755 paupe-

308 1797 403 1836 res
426 1777 679 1835 animus.
754 1777 999 1855 Nempe
1024 1779 1150 1835 veri
1173 1798 1297 1836 non
1320 1785 1450 1836 erat
1474 1777 1686 1846 simile,
1712 1785 2016 1835 extorrem
2050 1785 2114 1836 et

310 1896 530 1954 vagum
562 1884 689 1935 tam
720 1878 896 1936 facile
927 1878 1171 1936 admitti
1201 1879 1264 1935 in
1295 1876 1631 1955 penetralia
1660 1877 1844 1955 regiae
1873 1877 2112 1936 domus:

309 1982 440 2032 erat
471 1976 520 2032 is
551 1982 760 2033 tamen
792 1976 1039 2033 omnino
1085 1975 1517 2044 admittendus,
1551 1995 1748 2051 neque
1795 1977 1958 2033 enim
1999 1976 2117 2035 alia

309 2075 543 2133 ratione
588 2075 789 2133 caveri
833 2081 1074 2151 poterat
1121 2075 1197 2133 de
1242 2094 1480 2133 summa
1523 2093 1725 2132 rerum
1765 2095 1905 2132 cum
1943 2075 2117 2133 Τ616-

307 2172 525 2230 macho
571 2180 633 2230 et
679 2192 819 2231 611111
853 2173 1167 2250 Euryclea.
1257 2172 1470 2249 Atque
1514 2173 1635 2231 huc
1679 2174 1946 2250 pertinet
1984 2173 2117 2230 uni-

310 2291 481 2330 versa
540 2272 617 2329 de
683 2271 785 2329 Iro
860 2271 1122 2329 narratio
1148 2290 1163 2340 ;
1238 2291 1377 2348 quae
1451 2273 1804 2330 nonnemini
1863 2272 2116 2330 fortasse

308 2371 535 2447 poterit
594 2389 723 2428 esse
783 2370 1043 2439 fastidio,
1105 2371 1273 2447 quasi
1332 2372 1520 2448 gratis
1574 2371 1651 2428 de
1711 2390 1819 2429 sua
1870 2371 1968 2428 via
2027 2371 2116 2428 di-

309 2477 584 2528 vertatur
613 2471 884 2547 scriptor,
917 2470 1226 2545 animique
1257 2469 1453 2527 solum
1485 2489 1665 2528 causa
1698 2470 1763 2527 in
1793 2488 2115 2528 vernarum

298 2569 515 2647 jurgiis
566 2576 853 2627 moretur.
946 2569 1126 2638 Quod
1186 2569 1234 2627 si
1288 2569 1421 2644 quis
1481 2569 1777 2627 attentius
1836 2568 2116 2645 inspiciet

308 2688 444 2726 eam
492 2669 775 2727 carminis
827 2675 1080 2745 partem,
1137 2667 1365 2725 videbit
1419 2666 1677 2745 Ulyssea
1728 2688 1849 2726 non
1901 2686 2114 2745 parum

307 2767 384 2824 ab
429 2766 777 2843 importuno
821 2768 938 2825 isto
984 2767 1272 2843 adjuvari.
1363 2765 1463 2823 Iro
1502 2766 1665 2823 enim
1696 2766 1913 2843 pugnis
1945 2784 2116 2835 caes0‚

308 2867 459 2923 adeo
491 2866 874 2923 delectantur
907 2865 1174 2942 protervi
1208 2865 1485 2941 juvenes,
1517 2872 1587 2922 ut
1629 2864 1841 2922 victori
1886 2864 2114 2941 praemii

307 2961 441 3020 loco
502 2963 708 3020 sedem
768 2964 1098 3021 decernant
1156 2963 1317 3020 inter
1375 2982 1478 3021 eos
1537 2963 1641 3039 qui
1701 2981 1909 3020 secum
1969 2983 2116 3040 epu-

307 3061 586 3120 lanturx:

547 3196 632 3240 αἷεὶ
653 3196 690 3241 δ’
714 3196 808 3242 αὖθ’
830 3196 932 3255 ἡμῖν
950 3198 1277 3256 μεταδαίσεται,
1300 3196 1406 3242 οὐδέ
1424 3196 1503 3243 τιν’
1526 3196 1667 3242 ἄλλον

546 3270 728 3328 πτωχὸν
748 3270 840 3315 ἔσω
860 3271 1106 3330 μίσγεσθαι
1128 3271 1319 3329 ἐάσομεν
1341 3270 1597 3329 αἰτήσοντα.

306 3394 524 3470 Itaque
554 3412 662 3470 per
691 3393 826 3453 illos
862 3415 984 3453 non
1026 3398 1216 3466 stetit,
1249 3396 1396 3473 quin
1438 3416 1544 3454 rex
1587 3413 1850 3472 paupere
1892 3392 2106 3451 habitu

502 3620 521 3638 ¹¹
555 3612 647 3657 Od.
670 3613 761 3657 xix.
787 3630 830 3669 4.
1398 3610 1402 3618 ’
1495 3670 1498 3671 ⁷
1622 3623 1648 3646 Χ
1679 3615 1801 3660 xviii.
1825 3614 1899 3669 48.
