2320 4126
197 250 353 284 PRAEL.
381 248 488 281 xtv.
535 229 715 294 Quales
739 245 789 280 eo
813 235 1027 295 tempore
1035 225 1244 306 suerint
1266 241 1520 275 servorum
1532 231 1724 292 partes.
1838 222 1940 272 231

425 367 575 424 ἄνδρές
595 365 870 423 ὑπερφίαλοι·
902 363 1014 422 μέγα
1035 363 1081 406 δὲ
1103 363 1242 420 δμῶες
1260 361 1496 420 χατέουσιν

428 438 549 482 ὅντια
569 437 799 492 δεσποίνης
818 435 1006 493 φάσθαι,
1030 435 1098 478 καὶ
1119 434 1280 478 ἕκαστα
1299 433 1529 483 πυθέσθαι,

426 510 495 552 καὶ
514 508 723 566 φαγέμεν,
744 507 893 564 πιέμεν
913 525 974 559 τε,
996 507 1142 550 ἔπειτα
1162 505 1210 549 δὲ
1232 505 1302 548 καί
1320 523 1361 548 τι
1382 503 1599 562 φέρεσθαι

426 579 612 639 ἀγρόνδ’,
635 577 704 623 οἷά
724 598 771 623 τε
791 579 925 636 θυμὸν
945 578 1010 622 ἅει
1031 578 1252 635 δμώεσσιν
1273 577 1409 621 ἰαίνει.

194 700 557 768 Quibuscum
589 700 942 756 conferenda
971 706 1108 755 sunt
1139 697 1412 754 omnibus
1441 696 1581 753 satis
1611 702 1800 761 nota0,

424 836 560 891 δμῶες
581 834 634 886 δ’,
657 833 740 878 εὖτ’
762 835 814 878 ἂν
832 833 976 891 μηκέτ’
999 834 1308 892 ἐπικρατέωσιν
1327 833 1514 884 ἄνακτες,

423 905 556 950 οὐκέτ’
578 905 708 949 ἔπειτ’
731 905 960 949 ἐθέλουσιν
980 905 1179 961 ἐναίσιμα
1198 905 1469 963 ἐργάζεσθαι.

423 978 557 1035 ἥμισυ
577 979 660 1036 γὰρ
682 977 718 1021 τ’
739 978 891 1036 ἀρετῆς
911 977 1159 1021 ἀποαίνυται
1181 975 1368 1034 εὐρύοπα
1388 975 1492 1020 Ζεὺς

422 1050 585 1108 ἀνέρος,
607 1049 689 1094 εὖτ’
711 1049 763 1093 ἅν
781 1068 854 1106 μιν
873 1050 979 1093 κατὰ
1001 1047 1175 1093 δούλιον
1195 1047 1307 1106 ἦμαρ
1328 1047 1499 1104 ἕλῃσιν.

196 1172 432 1230 Videtis
481 1190 663 1227 manu
709 1190 828 1226 non
879 1170 1155 1227 incallida
1200 1171 1364 1246 tangi
1415 1187 1609 1225 mores
1661 1169 1786 1244 ejus
1843 1187 1945 1224 na-

193 1268 401 1336 tionis;
463 1269 674 1342 quibus
731 1268 791 1323 in
849 1269 1158 1343 praesentia
1205 1267 1579 1323 dominorum
1637 1266 1751 1321 sita
1807 1271 1946 1321 sunt

194 1365 424 1431 omnia;
467 1383 659 1438 neque
688 1364 757 1420 iis
788 1365 1110 1439 quidquam
1139 1364 1262 1421 fere
1304 1364 1622 1438 antiquius,
1654 1381 1832 1436 quam
1876 1369 1946 1418 ut

191 1458 462 1516 herilium
494 1479 836 1516 arcanorum
866 1461 1011 1517 fiant
1040 1459 1372 1536 participes,
1397 1466 1459 1516 et
1487 1459 1755 1534 quaedam
1780 1456 1947 1514 velut

194 1555 254 1611 in
283 1575 423 1612 aure
457 1556 724 1630 deposita
751 1564 978 1632 gerant.

276 1650 550 1725 Denique
572 1653 833 1726 quisquis
861 1654 1148 1709 attentius
1172 1652 1384 1728 legerit
1409 1652 1650 1709 Eumaei
1673 1651 1747 1707 de
1770 1650 1946 1706 rebus

196 1748 314 1804 suis
337 1746 656 1814 ἐπεισοδίων,
676 1750 725 1805 is
755 1768 873 1805 non
904 1750 1016 1805 erit
1046 1769 1080 1805 a
1102 1768 1198 1805 me
1219 1749 1536 1813 docendus,
1561 1747 1656 1804 vel
1680 1747 1945 1803 infimam

193 1841 354 1898 illam
399 1860 700 1898 servorum
745 1844 1145 1900 conditionem
1190 1838 1347 1919 apud
1393 1843 1629 1901 Graecos
1672 1842 1947 1899 habuisse

194 1938 462 2014 plurima,
493 1957 621 2012 quae
650 1959 865 2015 magno
897 1941 1082 1997 cuivis
1114 1940 1314 1998 Poetae
1344 1941 1605 1997 maxime
1635 1945 1946 1996 moverent

194 2040 589 2110 caperentque
646 2036 926 2093 animum.
1033 2036 1276 2093 Etenim
1334 2055 1406 2092 eo
1464 2043 1732 2111 tempore
1789 2035 1947 2109 apud

194 2131 449 2206 amplam
473 2150 767 2207 quamque
786 2132 1071 2190 familiam
1091 2133 1330 2208 quidam
1362 2139 1530 2189 erant
1562 2131 1719 2188 bello
1742 2137 1946 2206 aperto

194 2232 428 2313 devicti,
487 2232 723 2306 quidam
784 2231 938 2288 forte
996 2233 1149 2307 rapti
1207 2232 1404 2288 subita
1460 2231 1517 2285 vi
1581 2230 1944 2305 praedonum.

196 2328 351 2386 Fieri
381 2330 578 2404 potuit
608 2336 676 2385 ut
706 2330 868 2405 regia
895 2330 1180 2406 gauderet
1212 2329 1434 2405 origine
1455 2327 1733 2384 subulcus
1758 2327 1947 2401 quivis
2002 2369 2004 2371 ψ

193 2433 297 2481 aut
342 2432 541 2500 pastor
586 2433 690 2481 aut
736 2435 934 2482 custos
978 2425 1299 2482 vinearum.
1388 2423 1688 2480 Praeterea
1734 2422 1946 2497 princi-

193 2519 364 2593 pibus
394 2527 556 2576 certe
586 2539 887 2577 servorum
919 2527 1086 2576 erant
1115 2519 1304 2594 epulae
1340 2537 1478 2575 cum
1509 2517 1749 2574 domino
1789 2535 1949 2573 com-

196 2635 435 2672 munes:
499 2617 737 2673 suberat
780 2634 910 2690 spes
954 2616 1220 2672 fruendae
1265 2615 1579 2689 aliquando
1624 2613 1945 2670 libertatis:

196 2718 263 2767 ut
293 2711 496 2767 multis
525 2712 932 2768 minuerentur
967 2731 1037 2768 ea
1066 2730 1199 2785 quae
1236 2711 1434 2767 liberis
1469 2710 1806 2767 hominibus
1836 2709 1948 2764 fas-

193 2804 341 2860 tidio
371 2823 497 2861 esse
527 2804 735 2871 solent,
768 2805 815 2861 si
844 2805 997 2863 forte
1026 2806 1278 2880 quaestio
1310 2806 1498 2861 oritur
1528 2805 1601 2861 de
1625 2803 1948 2860 vernilibus

131 2904 133 2906 ’
196 2898 417 2966 officiis,
462 2899 805 2974 animisque.
895 2900 995 2956 Ne
1038 2901 1190 2956 forte
1240 2919 1523 2975 magnum
1568 2906 1630 2955 et
1679 2896 1948 2954 mirabile

201 3011 327 3050 esse
385 2994 672 3062 videatur,
730 2997 777 3052 si
837 2997 1084 3072 scriptor
1142 2997 1395 3052 eximius
1458 3002 1687 3052 tantam
1750 2994 1948 3068 posuit

197 3107 433 3163 operam
474 3090 535 3145 in
573 3089 643 3146 iis
674 3110 802 3165 quae
832 3091 907 3148 ad
937 3110 1133 3148 servos
1162 3092 1463 3166 pertinent
1506 3097 1686 3165 atque
1730 3090 1804 3145 ad
1848 3107 1949 3145 an-

198 3183 376 3240 cillas.
464 3183 692 3241 Debuit
735 3187 1016 3243 nimirum
1051 3187 1163 3243 hoc
1201 3187 1428 3242 ultimae
1466 3187 1609 3243 sorti
1639 3185 1948 3241 hominum

199 3297 364 3335 mens
395 3278 646 3336 Homeri
678 3300 817 3338 vere
851 3283 1123 3358 ingenua,
1168 3289 1237 3337 ut
1272 3281 1771 3355 quemadmodum
1811 3299 1948 3336 cum
2004 3287 2008 3291 ’

199 3372 476 3429 divitibus
529 3380 591 3429 et
642 3394 777 3431 cum
829 3376 1066 3452 regibus
1117 3377 1337 3449 absque
1387 3376 1626 3442 invidia,
1676 3376 1762 3431 ita
1810 3394 1947 3431 cum

873 3555 896 3577 0
930 3547 1018 3590 Od.
1041 3547 1144 3590 xvii.
1167 3561 1267 3603 320.
