2320 4126
381 234 490 287 150
535 235 576 287 I
572 253 607 287 oz
631 234 856 288 Homero
881 233 1098 287 multum
1109 234 1303 303 juvare
1328 253 1577 287 sermones
1602 236 1877 306 ayrestium
1895 256 1913 286 :
1943 254 2104 288 PRAEL.
2122 254 2194 291 x..

622 376 727 436 ἠΰτε
746 378 965 438 πάρδαλις
985 375 1076 423 εἶσι
1096 378 1278 436 βαθείης
1298 378 1346 423 ἐκ
1363 379 1577 439 ξυλόχοιο

619 451 782 510 ἀνδρὸς
802 451 1048 511 θηρητῆρος
1069 451 1280 505 ε’νάντιον,
1303 451 1408 496 οὐδέ
1426 471 1468 498 τι
1492 452 1613 514 θυμῷ

622 528 793 585 ταρβεῖ,
815 526 917 571 οὐδὲ
938 527 1164 586 φοβεῖται,
1188 526 1285 571 ε’πεί
1306 545 1379 572 κεν
1400 527 1603 586 ὑλαγμὸν
1622 525 1807 585 ἀκούσῃ·

627 598 750 658 εἴπερ
771 600 858 659 γὰρ
880 600 1107 659 φθάμενός
1126 619 1200 659 μιν
1220 599 1245 657 ἢ
1270 600 1454 657 οὐτάσῃ,
1476 603 1525 659 ἤε
1546 601 1758 658 βάλῃσιν,

625 674 746 719 ἀλλά
767 693 815 719 τε
838 675 909 718 καὶ
929 675 1032 734 περὶ
1054 675 1179 734 δουρὶ
1199 675 1455 734 πεπαρμένη
1478 676 1556 720 οὐκ
1576 673 1794 735 ἀπολήγει

624 747 775 805 ἀλκῆς,
797 748 903 806 πρὶν
922 746 964 807 γ’
987 750 1038 806 ἥε
1059 747 1379 807 ξυμβλήμεναι,
1402 751 1452 807 ἤε
1474 749 1671 807 δαμῆναι·

629 823 687 868 ὣς
706 819 969 880 Ἀντήνορος
988 823 1082 869 υἱὸς
1102 822 1287 882 ἀγαυοῦ,
1309 823 1403 869 δῖος
1420 822 1637 883 Ἀγήνωρ,

619 895 704 940 οὐκ
724 895 880 941 ἔθελεν
896 894 1098 956 φεύγειν,
1118 897 1226 955 πρὶν
1245 896 1497 956 πειρήσαιτ’
1517 896 1745 956 Ἀχιλῆος.

471 999 623 1060 Haec
652 1001 860 1071 habui,
886 1022 1020 1079 quae
1049 1002 1286 1080 planius
1311 1003 1690 1081 explicarent
1721 1009 2017 1080 quantum
2047 1001 2098 1058 is
2127 1000 2192 1057 in

387 1099 732 1159 Homericis
775 1101 1120 1179 profecerit,
1153 1103 1257 1178 qui
1302 1102 1366 1160 in
1405 1102 1582 1162 rebus
1613 1101 1902 1161 Asiaticis
1946 1119 2068 1158 non
2114 1099 2194 1157 sit

386 1199 634 1257 omnino
677 1199 916 1277 hospes,
950 1206 1332 1259 sacrosancto
1377 1200 1483 1259 illo
1525 1201 1833 1259 volumine
1875 1198 2199 1277 diligenter

387 1298 568 1358 lecto.

476 1469 682 1530 Venio
726 1489 889 1529 nunc
929 1470 1008 1528 ad
1054 1469 1319 1530 alterum
1357 1471 1527 1548 quasi
1571 1468 1774 1528 locum
1819 1467 2199 1535 indiciorum,

390 1590 647 1648 quorum
686 1589 802 1647 ope
840 1569 1095 1629 fortasse
1135 1570 1352 1630 clarior
1392 1571 1500 1628 fiet
1540 1569 1823 1627 universa
1850 1566 2200 1625 Homericae

391 1669 653 1728 Poeseos
697 1669 871 1728 ratic.
980 1668 1323 1728 Conferatis
1362 1668 1546 1728 velim
1593 1688 1734 1727 cum
1779 1687 1852 1727 ea
1895 1684 2201 1725 sermones

392 1770 743 1849 agrestium,
774 1788 916 1827 cum
961 1768 1050 1826 illi
1095 1775 1203 1827 aut
1244 1788 1338 1827 res
1380 1775 1584 1847 gestas
1614 1774 1876 1836 narrant,
1908 1774 2015 1825 aut
2045 1766 2200 1824 visas

392 1870 683 1928 curiosius
713 1868 920 1946 paullo
945 1868 1143 1926 verbis
1173 1868 1555 1926 adumbrant.
1613 1866 1895 1936 Mirifica,
1919 1866 1981 1924 ni
2005 1865 2201 1934 fallor,

394 1967 740 2025 invenietur
768 1965 988 2025 horum
1020 1967 1355 2026 consensiO.

483 2065 805 2143 Principio,
839 2064 1168 2136 HomeruS,
1201 2066 1599 2125 similitudine
1639 2065 2018 2135 declaranda,
2062 2067 2204 2124 sim-

394 2166 584 2246 plices
627 2165 988 2243 plerumque
1034 2172 1098 2224 et
1142 2173 1381 2243 apertas
1417 2186 1755 2243 proponere
1795 2173 1961 2224 amat
2000 2184 2203 2224 rerum

396 2266 642 2344 effigieS,
675 2265 1005 2342 qualesque
1036 2266 1231 2343 primo
1263 2266 1471 2324 statim
1502 2272 1752 2343 aspectu
1785 2263 1884 2322 vel
1927 2264 2202 2322 indocto-

397 2383 532 2421 rum
569 2363 776 2422 oculos
806 2363 1043 2422 feriant.
1133 2362 1366 2422 Domos
1397 2363 1645 2440 quidem
1685 2363 1844 2439 ipsas
1875 2362 2000 2420 sive
2032 2362 2205 2420 sedes

398 2463 734 2541 imaginum
777 2463 918 2539 jure
964 2463 1333 2521 admiramur
1372 2463 1533 2539 apud
1582 2482 1724 2519 eum
1777 2463 1928 2520 adeo
1982 2480 2205 2539 paucas

400 2563 704 2620 numerari
749 2581 943 2640 posse,
975 2582 1116 2621 cum
1160 2563 1454 2641 imagines
1499 2563 1641 2639 ipsae
1686 2562 1983 2638 prodeant
2028 2561 2206 2619 liber-

401 2664 556 2721 rima
584 2663 776 2740 copia,
809 2662 1049 2721 infinita
1078 2663 1391 2721 varietate.
1467 2660 1645 2719 Adeo
1676 2661 1839 2737 quod
1869 2661 1931 2718 in
1961 2661 2208 2720 musicis

402 2763 491 2830 fit,
537 2770 609 2821 ut
653 2769 889 2840 septem
933 2763 1116 2821 modo
1149 2780 1367 2820 vocum
1407 2761 1754 2820 discrimina
1797 2761 1941 2819 satis
1982 2760 2207 2818 faciant

404 2862 570 2920 omni
602 2862 821 2921 divinae
850 2863 995 2920 artis
1018 2861 1432 2940 amplitudini3
1463 2860 1526 2917 id
1555 2861 1619 2918 in
1652 2859 1925 2918 Homero
1949 2879 2206 2937 quoque,

405 2967 724 3019 cantorum
785 2961 1077 3038 principe,
1137 2960 1342 3019 locum
1401 2959 1604 3018 habet.
1712 2958 1836 3018 Sex
1897 2966 2208 3036 septemve

405 3059 729 3138 generibus
759 3059 1061 3129 adhibitis,
1093 3060 1434 3118 universam
1481 3058 1585 3117 ille
1625 3078 1824 3117 rerum
1866 3058 2208 3127 Iliacarum,

406 3159 667 3235 vitaeque
695 3159 951 3218 heroicae
982 3159 1194 3218 silvam
1226 3158 1722 3218 similitudinibus
1753 3159 2069 3235 expressit.

496 3256 634 3326 Quo
694 3258 758 3315 in
816 3277 1069 3316 numero
1130 3257 1534 3334 principatum
1596 3256 1877 3315 obtinent
1935 3277 2023 3324 ea,
2079 3269 2212 3333 quae

410 3354 547 3412 coeli
578 3355 797 3414 faciem
828 3376 989 3415 nunc
1013 3355 1402 3433 tranquillam
1427 3375 1590 3413 nunc
1613 3356 1806 3413 ventis
1829 3355 2212 3434 nubibusque

411 3462 783 3513 commotam
829 3457 1186 3535 depingunt.
1298 3455 1682 3534 Cognoscite,
1743 3473 1962 3531 quaeSO,
2021 3473 2213 3531 pauca

412 3552 487 3610 de
547 3553 774 3623 multiS,
835 3574 955 3631 quo
1008 3555 1247 3632 planius
1299 3561 1684 3633 perspectum
1737 3554 2029 3621 habeat-is,
2084 3552 2214 3611 Ho-

412 3669 647 3711 merum
724 3674 844 3712 non
915 3654 1078 3713 domi
1156 3656 1469 3714 sedentem
1545 3674 1742 3730 neque
1813 3655 2075 3712 otiosum
2139 3672 2214 3710 ea
