2320 4126
154 282 308 316 PRAEL.
329 280 400 312 Ἦ.
479 259 701 311 Leniora
726 257 806 310 vel
825 257 986 326 mayis
1010 255 1084 308 ad
1102 257 1284 308 poesin
1304 257 1569 325 pertinere.
1825 260 1896 313 77

235 404 528 473 Quoniam
570 421 714 459 >vero
754 402 1011 459 ardentis
1049 406 1139 456 est
1177 399 1357 456 animi
1397 399 1570 456 citius
1609 405 1678 455 ut
1717 398 1895 474 pluri-

153 520 318 559 mum
357 499 690 575 deflagrare,
736 498 854 554 sint
899 496 1180 562 breviora,
1217 495 1265 551 si
1307 494 1408 561 viS,
1446 500 1507 551 et
1543 494 1897 570 simpliciore

156 597 409 652 deducta
465 593 583 661 filo,
635 612 766 668 quae
816 590 1200 648 vehementer
1250 590 1562 646 commotis
1613 590 1895 658 oriuntur,

157 710 387 766 unoque
415 691 643 764 impetu
672 686 1069 753 absolvuntur,
1097 685 1412 742 Poemata:
1456 705 1525 742 ea
1554 693 1732 753 certe,
1763 706 1897 761 quae

156 787 424 845 stabilem
446 787 704 861 produnt
725 784 1002 850 indolem,
1023 781 1170 838 nihil
1193 801 1384 857 neque
1407 783 1468 838 in
1491 781 1898 859 longiustrahi

157 884 399 951 vetabit,
427 901 618 957 neque
658 881 939 956 repetitas
976 879 1231 936 auctoris
1267 897 1450 947 curaS,
1481 878 1899 955 lucernamque

159 981 250 1053 (ut
279 980 514 1037 aiebant
544 979 617 1035 de
647 976 1078 1052 Demosthene)
1110 975 1285 1032 olere.

241 1076 478 1136 Videtis
508 1094 667 1151 ergo,
697 1095 815 1131 non
850 1075 997 1131 adeo
1028 1073 1276 1131 absurde
1307 1073 1487 1129 etiam
1519 1073 1592 1129 de
1616 1072 1902 1150 Epopoeia

157 1176 289 1243 dici,
312 1174 534 1231 mederi
565 1192 696 1229 eam
724 1171 948 1227 fervido
979 1169 1275 1245 scriptoris
1304 1168 1518 1236 animO,
1541 1170 1901 1245 insitumque

156 1277 218 1328 et
246 1271 507 1327 inustum
537 1267 796 1324 mulcere
827 1266 1200 1323 desiderium.

238 1366 376 1424 Jam
425 1366 607 1423 rarius
652 1363 867 1421 affectu
916 1362 1269 1438 flagramus3
1324 1360 1509 1418 indoli
1557 1368 1618 1418 et
1664 1363 1902 1438 ingenio

155 1471 389 1521 tantum
427 1482 547 1518 non
591 1479 822 1535 semper
858 1458 1269 1534 indulgemus:
1315 1476 1391 1514 ne
1434 1458 1646 1514 mirere
1692 1458 1903 1517 Poeta-

156 1579 287 1616 rum
334 1578 510 1634 opera
559 1557 734 1632 longe
786 1554 954 1631 plura
999 1554 1189 1612 lenius
1239 1573 1462 1611 sonare.
1551 1554 1812 1623 Etenim,
1857 1557 1904 1612 si

156 1654 412 1729 excipias
468 1653 680 1729 Lyrica
729 1652 1014 1726 quaedam,
1073 1656 1136 1706 et
1188 1650 1422 1727 Elegos,
1480 1671 1784 1727 unumque
1842 1658 1906 1708 et

155 1749 407 1807 alterum
443 1750 517 1805 de
560 1747 955 1804 acerbioribus
997 1745 1272 1814 IambeiS,
1314 1746 1512 1803 nescio
1552 1766 1628 1805 an
1670 1747 1905 1804 nullum

157 1845 489 1903 celebretur
534 1863 787 1911 carmen,
839 1844 913 1899 de
963 1842 1181 1899 affectu
1226 1842 1424 1918 aliquo
1474 1862 1639 1901 mero
1684 1844 1906 1920 simpli-

157 1941 327 2016 cique
371 1940 702 1997 oriundum.
791 1937 1010 1996 Omnia
1054 1957 1288 1995 morum
1328 1958 1396 1995 ac
1440 1939 1576 1995 vitae
1619 1946 1907 2007 tenorem,

62 2096 72 2103 ,
156 2045 514 2114 gustumque
556 2037 682 2112 (qui
712 2036 951 2111 dicitur)
988 2037 1177 2092 menti
1221 2036 1534 2110 animoque
1577 2034 1756 2111 longo
1796 2054 1908 2093 usu

158 2132 506 2189 familiarem
556 2132 807 2208 sapiunt.
896 2131 1106 2188 Nihilo
1153 2138 1354 2188 tamen
1403 2132 1600 2188 minus
1645 2133 1910 2206 putanda

158 2236 296 2286 sunt
345 2230 419 2286 ab
476 2231 602 2305 ipso
661 2230 836 2286 corde
886 2228 1044 2285 ultro
1102 2248 1409 2286 manasse:
1475 2230 1659 2285 immo
1716 2229 1910 2286 verius

159 2327 592 2401 quodammodo
653 2333 714 2383 et
770 2326 1089 2402 perfectius
1149 2327 1218 2383 ad
1287 2327 1561 2383 intimam
1625 2327 1909 2401 cujusque

159 2431 430 2481 naturam
460 2423 782 2499 comparari
818 2429 880 2480 et
919 2442 1241 2500 congruere
1281 2424 1516 2480 dixeris.
1602 2427 1756 2480 Nam
1795 2423 1910 2480 alia

160 2539 279 2577 non
336 2522 550 2578 desunt
606 2520 853 2596 piacula,
901 2540 1030 2596 quae
1088 2522 1312 2578 subitos
1368 2522 1474 2578 irae
1533 2527 1637 2578 aut
1695 2520 1909 2578 doloris

151 2623 336 2673 :aestus
375 2617 496 2673 sive
536 2618 933 2683 moderentur,
965 2618 1087 2674 sive
1126 2617 1241 2674 alio
1277 2618 1606 2675 devertant.
1694 2615 1909 2691 Rapidi

159 2719 376 2780 motUS,
421 2731 557 2768 cum
605 2719 816 2787 sponte
856 2711 1263 2789 languescunt,
1309 2719 1441 2769 tum
1489 2731 1689 2769 veram
1729 2712 1911 2768 animi

160 2808 281 2864 vim
332 2814 394 2864 et
451 2809 844 2865 constantiam
894 2827 1212 2884 provocare
1269 2808 1461 2866 solent
1512 2816 1575 2864 et
1625 2827 1911 2884 experge-

102 2950 106 2952 .
160 2902 372 2960 facere.
475 2903 633 2971 Quid
693 2903 1028 2961 faciendum
1086 2904 1419 2962 istiusmodi
1469 2905 1638 2973 curiS,
1698 2905 1910 2979 quibus

159 2999 335 3075 plane
364 3000 687 3057 insenuerit
715 3001 1038 3077 ingenium,
1069 3021 1314 3077 quaeque
1343 3001 1526 3059 tacite
1556 3021 1624 3058 ac
1654 3001 1911 3058 latenter

163 3096 276 3153 toti
315 3115 377 3154 se
415 3097 844 3155 immiscuerint
873 3099 1055 3156 vitae?
1102 3098 1362 3156 Omnino
1391 3097 1909 3174 praesentissimum

163 3193 276 3249 erit
325 3191 619 3262 solatium,
671 3193 719 3251 si
770 3194 899 3269 quis
945 3214 1167 3263 earum,
1219 3213 1362 3269 quas
1419 3194 1665 3269 deperit,
1711 3211 1909 3251 rerum

164 3287 413 3345 formam
451 3287 707 3365 aliquam
743 3297 805 3347 et
844 3290 1056 3348 faciem
1085 3291 1348 3348 versibus
1382 3296 1686 3366 utcunque
1715 3290 1910 3348 valeat

165 3383 462 3461 effingere.

249 3479 450 3550 Porr0,
502 3500 618 3557 qua
675 3483 902 3540 ratione
961 3483 1218 3540 dixi-mus
1277 3483 1537 3540 carmina
1591 3482 1778 3559 magis
1835 3482 1909 3539 ad

166 3574 546 3634 mulcendum
586 3577 799 3646 valere,
835 3598 1012 3655 quam
1055 3578 1310 3637 solutam
1348 3578 1501 3635 hanc
1523 3579 1907 3648 orationem,
