2320 4126
383 235 491 289 170
549 235 843 288 Maritima
869 254 983 288 cum
1008 236 1326 290 militaribus
1350 256 1451 290 non
1477 237 1590 290 bene
1615 239 1884 309 confundi.
1926 259 2086 293 PRAEL.
2110 261 2185 295 XI.

385 377 699 436 Oceanum
742 379 955 456 retegi,
998 378 1327 457 longinqua
1366 387 1664 438 terrarum
1708 383 1944 458 aperiri,
1983 384 2185 441 venire

383 478 446 535 in
491 479 772 536 notitiam
818 485 1162 561 nostrprum
1209 478 1525 536 hominum
1570 479 1862 538 miracula
1914 479 2191 551 Naturae,

383 596 581 635 mores
604 578 1010 636 barbarorum.
1070 577 1165 634 En
1188 578 1527 636 uberrimus
1553 577 1881 637 Poetarum
1905 599 2152 656 campus
2175 581 2184 638 !

387 676 524 734 Nec
545 677 919 753 defuere,qui
940 696 1081 735 eum
1102 676 1362 735 feliciter
1380 678 1747 736 excolerent.
1783 678 2005 755 Neque
2024 681 2185 737 enim

386 777 701 852 quisquam
745 776 851 834 illo
901 783 1176 853 tempore
1222 777 1590 836 carminibus
1641 778 1973 855 pangendis
2018 779 2186 837 dedit

386 894 649 951 operam,
681 875 826 951 quin
857 874 1088 934 multus
1120 875 1182 932 in
1214 895 1286 933 eo
1318 875 1490 944 foret,
1511 883 1582 933 ut
1612 876 1826 934 heroas
1850 875 2187 954 virginesve

384 972 699 1030 induceret
746 973 973 1030 circum
1033 974 1222 1032 maria
1281 975 1484 1032 omnia
1536 981 1600 1031 et
1652 974 1830 1032 litora
1881 984 2187 1044 errantes;

385 1091 524 1129 cum
570 1071 795 1149 proeliis
839 1091 909 1129 ac
956 1071 1173 1131 duellis
1220 1074 1663 1132 intermisceret
1707 1073 2036 1152 naufragia,
2087 1094 2190 1152 pe-

385 1170 505 1250 lagi
535 1178 820 1237 monstra,
854 1170 1156 1230 fabulosas
1187 1171 1427 1231 insulas,

471 1269 574 1327 Ne
624 1269 852 1328 multa:
927 1270 1175 1330 alternis
1228 1271 1676 1349 quodammodo
1737 1273 1968 1331 vicibus
2027 1291 2187 1329 nunc

386 1369 644 1428 Iliadem
684 1389 845 1427 nunc
893 1368 1251 1446 Odysseiam
1297 1369 1756 1438 reminiscimur,
1802 1371 2040 1447 quoties
2084 1375 2191 1427 aut

386 1469 753 1546 Spenserum
800 1468 1056 1547 legimus
1097 1477 1204 1528 aut
1246 1469 1494 1528 Italicos
1527 1468 1810 1546 Spenseri
1851 1469 2187 1547 magistros.

387 1568 729 1626 Commune
762 1587 971 1626 omnes
1002 1568 1314 1646 exemplar
1343 1568 1609 1626 habuere
1634 1568 1987 1647 Virgilium'.
2064 1567 2192 1627 Ve-

385 1687 518 1725 rum
550 1666 713 1725 haud
744 1668 867 1726 scio
898 1687 975 1726 an
1006 1686 1178 1726 secus
1201 1668 1473 1745 plerique
1497 1666 1752 1725 fecerint
1776 1666 1998 1743 (neque
2027 1667 2191 1724 enim

385 1768 584 1843 ipsum
633 1767 873 1844 excipio
923 1766 1274 1842 Maronem)
1325 1767 1487 1844 quod
1534 1767 1675 1824 vitae
1728 1767 1991 1825 rationes
2039 1767 2190 1824 adeo

386 1865 650 1925 diversas
709 1886 832 1924 uno
893 1867 1064 1943 quasi
1131 1867 1234 1925 filo
1304 1865 1699 1943 implicandas
1762 1866 2189 1943 judicaverint.

387 1965 651 2034 Etenim,
706 1966 867 2042 quod
927 1967 990 2023 in
1050 1967 1358 2024 communi
1412 1966 1538 2023 vita
1597 1966 1906 2034 sentimUS,
1961 1966 2190 2042 opinor,

386 2065 461 2121 ad
514 2083 705 2121 unum
753 2083 982 2133 01111168,
1031 2063 1296 2122 multum
1347 2064 1673 2142 profecisse
1721 2064 1797 2122 ad
1851 2083 1981 2121 rem
2033 2063 2189 2121 bene

384 2163 729 2240 gerendam,
762 2162 865 2238 qui
910 2182 1102 2220 unum
1133 2164 1436 2239 quendam
1481 2163 1594 2221 sibi
1638 2163 2020 2240 proposuerit
2060 2169 2193 2220 tan-

388 2281 569 2338 quam
614 2261 914 2319 bonorum
954 2268 1017 2319 et
1055 2262 1196 2320 vitae
1241 2263 1445 2332 finem,
1483 2263 1544 2320 id
1590 2263 1653 2319 in
1702 2262 1906 2339 Epicis
1952 2280 2193 2338 quoque

387 2360 829 2419 narrationibus
902 2361 1127 2419 mirum
1194 2369 1490 2438 quantum
1566 2361 1861 2420 dominari
1931 2362 2189 2420 videtur.

390 2460 754 2519 Commovet
801 2459 1034 2518 animos
1087 2459 1396 2520 Homerus
1455 2466 1662 2519 noster
1708 2461 1995 2519 directius
2047 2480 2193 2536 quo-

390 2558 715 2616 dammodo
757 2566 820 2617 et
861 2560 1078 2631 verius,
1110 2579 1292 2636 quam
1332 2560 1399 2629 si,
1444 2568 1514 2618 ut
1558 2559 1849 2637 plerique,
1882 2558 2192 2618 Achillem

390 2677 530 2715 cum
563 2657 802 2735 Ulysse,
832 2658 1138 2717 maritima
1168 2679 1308 2717 cum
1339 2659 1701 2717 militaribus
1732 2659 2017 2736 periculis
2048 2679 2192 2717 con-

389 2757 524 2815 fusa
567 2757 767 2814 tradat
812 2763 996 2833 atque
1043 2760 1380 2816 commista.
1480 2757 1792 2817 Videlicet
1836 2758 1954 2815 alio
2000 2759 2194 2815 diver-

390 2864 521 2913 tere
573 2855 873 2924 116111111118,
922 2874 1027 2932 spe
1079 2863 1328 2915 metuve
1382 2856 1570 2915 semel
1623 2857 1920 2934 correpti:
1977 2864 2111 2914 tum
2157 2875 2190 2912 e

391 2952 764 3011 diverticulis
815 2954 877 3010 in
925 2961 1155 3012 rectam
1203 2955 1528 3013 redeuntes
1575 2956 1735 3013 viam
1790 2955 1994 3012 nescio
2048 2973 2193 3030 quo-

391 3052 573 3108 modo
604 3050 891 3129 languere
921 3052 1201 3110 solemus

482 3148 646 3218 Quid
678 3149 893 3219 dicam,
925 3150 1230 3228 intelliget
1267 3151 1369 3226 qui
1403 3150 1568 3208 volet
1609 3151 1958 3229 diligentius
1989 3149 2193 3228 paullo

395 3248 667 3306 conferre
713 3247 1068 3326 Odysseiam
1110 3267 1249 3306 cum
1294 3249 1568 3318 AEneide,
1602 3270 1720 3326 qua
1760 3270 1837 3308 ex
1881 3259 2051 3327 parte
2093 3250 2195 3306 de-

396 3347 678 3405 scribitur
727 3349 853 3406 sive
902 3349 1298 3424 Trojanorum
1344 3348 1469 3405 sive
1512 3347 1747 3425 Ulyssis
1788 3348 2073 3425 appulsus
2117 3348 2191 3404 ad

397 3454 605 3521 optata
649 3446 842 3505 litora.
934 3446 1173 3506 Vereor
1216 3467 1293 3505 ne
1330 3447 1667 3525 Virgiliana
1711 3446 2055 3524 legentibus
2098 3464 2192 3502 res

386 3544 514 3619 jam
565 3546 841 3603 confecta
889 3565 1018 3604 esse
1067 3547 1376 3605 videatur:
1442 3546 1604 3603 unde
1656 3565 1901 3604 necesse
1949 3551 2043 3602 est
2090 3544 2194 3600 he·
2276 3607 2280 3611 ,

398 3644 646 3701 bescant
677 3645 878 3712 animi,
913 3648 1108 3721 neque
1139 3647 1262 3704 cito
1293 3646 1365 3702 ad
1405 3644 1640 3712 bellica,
1674 3664 1810 3720 quae
1843 3648 2191 3720 sequuntur,
