2320 4126
137 318 292 354 PRAEL.
313 317 363 350 V.
436 296 624 350 similes
645 303 760 348 swnt
784 295 1086 356 amantium,
1115 294 1319 346 Pudore
1342 293 1573 363 quodam.
1820 293 1887 345 61

140 433 399 509 quaestio,
431 432 730 489 Primariis
765 431 841 487 sit
879 430 1371 496 adnumerandus,
1412 447 1632 485 necne:
1679 435 1740 484 et
1779 428 1893 484 hoc

140 529 307 587 nobis
351 546 649 584 sumamus
692 527 996 591 indicium,
1034 526 1189 599 quod
1227 525 1300 581 ab
1340 525 1677 581 inveniendi
1709 523 1895 599 gloria

141 622 413 680 affectata
441 628 545 677 aut
574 620 847 696 neglecta
872 621 1141 686 ducit-,um
1180 627 1241 675 et
1272 619 1523 675 alterum
1550 618 1714 684 illud,
1740 618 1897 692 quod

145 725 282 776 ante
312 718 570 773 diximus
598 716 660 771 in
691 702 975 772 servanda
1004 715 1335 771 constantia
1365 715 1520 790 poni.

229 908 342 965 His
383 909 508 983 jam
560 908 826 973 tertium,
884 908 931 963 si
989 909 1203 982 placet,
1255 908 1557 973 addamus
1612 927 1728 981 quo
1782 926 1899 963 uno

147 1004 537 1081 pulcherrime
578 1004 957 1079 dignoscitur,
1005 1004 1105 1077 qui
1147 1004 1265 1060 sint
1306 1005 1428 1060 veri
1476 1004 1772 1078 vividique
1817 1002 1902 1058 af-

148 1103 354 1169 fectUS‚
385 1119 513 1175 quae
542 1101 766 1156 sincera
795 1099 919 1156 sine
950 1099 1085 1155 fuco
1118 1098 1337 1156 Poesis.
1427 1099 1793 1164 Videndum,
1825 1118 1900 1155 ne

149 1199 223 1254 sit
256 1197 471 1253 nimius
511 1197 774 1270 scriptor,
805 1214 880 1251 ne
924 1196 1049 1251 sine
1088 1195 1210 1251 ullo
1241 1195 1575 1252 discrimine
1620 1195 1901 1262 luxuriet,

148 1314 223 1351 ne
280 1313 442 1350 sacra
497 1292 753 1375 profanis
810 1292 1050 1367 indigne
1110 1293 1372 1349 misceat.
1463 1292 1684 1348 Nonne
1743 1312 1901 1348 com-

150 1391 342 1447 munis
388 1389 517 1446 haec
564 1389 687 1445 vita
737 1389 969 1456 edocet,
1018 1387 1204 1463 qualis
1250 1408 1440 1445 sermo
1489 1390 1563 1445 sit
1608 1390 1733 1464 ejus
1777 1390 1904 1454 viri,

151 1486 250 1561 qui
280 1484 496 1542 affectu
524 1484 719 1559 aliquo
749 1485 1015 1560 graviore
1045 1485 1497 1559 permoveatur?
1581 1485 1905 1560 Postquam

151 1581 333 1639 semel
379 1581 499 1638 alte
550 1579 761 1637 vulnus
801 1581 1037 1649 insedit,
1087 1583 1303 1649 omnia,
1345 1601 1479 1656 quae
1523 1582 1800 1656 loquitur,
1847 1584 1906 1639 id

153 1684 380 1745 sonant,
411 1695 527 1751 quo
557 1677 752 1733 tendit
793 1695 953 1751 aegra
982 1676 1272 1734 desiderio
1311 1696 1511 1734 mens:
1559 1679 1660 1734 sed
1705 1684 1907 1734 tamen

154 1772 452 1829 obscurius
497 1778 723 1828 sonant.
813 1770 957 1827 Non
998 1772 1195 1828 omnia
1230 1772 1359 1828 vult
1401 1773 1673 1829 omnibus
1713 1772 1907 1847 palam

155 1867 287 1934 dici,
326 1867 427 1923 sed
473 1873 755 1940 tanquam
801 1866 1025 1922 cithara
1067 1865 1249 1940 pulsa,
1281 1866 1662 1941 paucularum
1698 1886 1909 1923 vocum

156 1982 283 2039 ope,
315 1963 490 2019 docet
521 1962 808 2029 cordatos,
839 1962 980 2037 quid
1011 1962 1120 2018 sibi
1151 1962 1327 2019 velit:

476 2121 506 2140 “
525 2116 687 2173 Incipit
707 2116 844 2168 effari,
867 2116 1099 2176 mediaque
1118 2117 1166 2160 in
1186 2131 1294 2161 voce
1315 2118 1528 2162 resistit.'’

161 2254 414 2312 Habetis
460 2254 770 2311 formulam
821 2274 1020 2311 amore
1072 2263 1417 2331 captorum:
1481 2276 1614 2331 quae
1662 2257 1915 2318 formula

160 2350 298 2406 satis
344 2349 496 2406 bene
539 2349 756 2416 PoetiS,
803 2349 1116 2407 dulcedine
1160 2351 1415 2425 quadam
1459 2353 1663 2427 captiS,
1704 2372 1917 2410 conve-

94 2495 102 2503 .
161 2446 303 2501 niet.
390 2445 540 2501 Eam
591 2452 793 2502 autem
851 2446 1040 2502 tribus
1098 2446 1502 2522 promulgasse
1555 2448 1746 2504 verbis
1803 2449 1917 2506 hoc

161 2548 429 2616 tempore
474 2542 614 2598 satis
660 2541 847 2598 foret:
901 2549 1264 2598 monstratur
1302 2543 1458 2598 enim
1502 2543 1629 2617 ipsa
1665 2543 1920 2601 Poeseos

167 2637 380 2705 indole,
412 2637 647 2712 qualem
687 2656 793 2694 nos
830 2637 1000 2693 initio
1040 2638 1331 2705 diximus3
1390 2638 1716 2712 multisque
1758 2649 1921 2715 post-

163 2733 274 2790 hac
297 2733 691 2790 declarabitur
719 2732 1026 2808 exemplis
1112 2733 1229 2790 Sed
1262 2735 1541 2808 quoniam
1572 2735 1633 2790 in
1657 2755 1726 2792 eo
1758 2738 1922 2810 quasi

166 2829 401 2886 cardine
431 2829 615 2885 totius
637 2829 896 2885 instituti
926 2829 1076 2885 ratio
1107 2830 1373 2896 vertitur,
1405 2830 1657 2904 adjicere
1690 2833 1922 2889 decrevi

166 2943 355 3000 pauca
392 2924 681 2999 quaedam,
724 2944 858 2999 quae
901 2924 1145 3000 planum
1185 2926 1405 2982 faciant
1442 2927 1504 2982 in
1549 2947 1610 2983 re
1654 2936 1924 3003 cognata,

169 3027 458 3095 quantum
487 3020 708 3095 polleat
738 3021 974 3078 innatus
1003 3021 1343 3079 hominibus
1373 3022 1577 3097 pudor.

253 3117 481 3173 AEterni
516 3116 672 3173 illius
703 3116 985 3174 Numinis
1014 3118 1331 3185 veneratiO,
1363 3138 1496 3192 quae
1528 3119 1767 3193 quidem
1795 3138 1925 3194 ger-

166 3229 344 3269 mana
382 3213 475 3279 sit,
516 3219 577 3268 et
623 3212 698 3268 ab
738 3213 859 3269 imo
899 3213 1075 3270 corde
1114 3214 1534 3288 proficiscatur,
1571 3233 1690 3269 non
1730 3213 1924 3270 lucem

171 3309 347 3364 modo
394 3308 638 3364 nimiam
689 3309 815 3383 ipsa
865 3309 1135 3385 refugiet,
1173 3328 1377 3365 verum
1431 3310 1632 3377 etiam,
1680 3311 1726 3366 si
1779 3312 1926 3385 quis,

174 3403 543 3459 verecundiae
596 3403 833 3471 oblitus,
877 3405 939 3460 in
988 3423 1051 3460 re
1103 3412 1471 3461 sacrosancta
1520 3412 1746 3462 temere
1798 3427 1929 3483 gar-

174 3497 304 3564 riat,
335 3497 504 3554 illum
535 3500 732 3555 nescio
755 3500 1052 3574 quomodo
1081 3519 1116 3557 a
1146 3519 1208 3556 se
1238 3518 1609 3557 summovere
1639 3509 1701 3556 et
1730 3521 1927 3559 arcere
