2320 4126
139 236 302 271 PRAEL.
326 237 435 270 vm.
480 219 679 287 Puynoe
703 217 805 285 φἰιε
830 234 940 268 oum
966 216 1282 267 Scamandro
1306 215 1547 267 Flumine
1569 217 1718 268 ratio.
1779 218 1884 269 115

139 360 329 418 Fluvii
372 379 634 436 persona.
731 358 936 417 Oculis
977 359 1101 415 fere
1147 359 1439 415 cernimus
1482 365 1723 416 actuosa
1765 358 1882 426 illa,

138 463 198 514 et
227 456 463 523 fervida,
495 465 557 515 et
585 459 869 515 acerrimo
899 455 1118 513 affectu
1148 454 1339 530 plena.

400 584 411 595 .
446 583 456 594 .
492 583 502 593 .
538 582 548 594 .
578 549 810 607 Ἀχιλλεὺς
828 549 907 605 μὲν
924 549 1202 606 δουρικλυτὸς
1222 547 1370 605 ἔνθορε
1390 548 1560 609 μέσσῳ,

299 625 481 681 κρημνοῦ
501 620 696 676 ἀπαΐξας·
730 623 754 664 ὁ
775 619 812 664 δ’
834 620 1068 672 ἐπέσσυτο,
1090 619 1258 676 οἴδματι
1279 619 1405 665 θύων·

296 695 433 738 πάντα
454 691 490 736 δ’
512 691 625 751 ὄρινε
643 691 800 750 ῥεέθρα
819 692 1068 747 κυκώμενος·
1102 690 1192 734 ὦσε
1213 691 1260 734 δὲ
1282 691 1455 748 νεκροὺς

293 764 500 816 πολλοὺς,
522 762 566 807 οἵ
580 763 637 822 ῥα
657 763 745 807 κατ’
767 763 896 806 αὐτὸν
914 761 1012 807 ἅλις
1032 762 1152 813 ἕσαν,
1174 761 1247 808 οὓς
1267 762 1378 806 κτάν’
1399 761 1645 821 Ἀχιλλεύς.

295 836 394 881 τοὺς
414 837 601 888 ἔκβαλλε
622 834 789 892 θύραζε,
810 832 1017 890 μεμύκως,
1040 831 1141 889 ἦύτε
1161 836 1331 891 ταῦρος,

295 907 519 965 χέρσονδε·
554 906 683 961 ζωοὺς
703 906 749 949 δὲ
771 906 865 950 σάω
887 905 992 948 κατὰ
1013 906 1124 947 κάλα
1143 903 1313 962 ῥεέθρα,

296 976 489 1034 κρύπτων
509 976 554 1020 ἐν
573 976 716 1031 δίνῃσι
735 974 963 1030 βαθείῃσιν
982 976 1239 1032 μεγάλῃσιν·

296 1050 432 1093 δεινὸν
453 1048 488 1093 δ’
510 1049 618 1106 ἀμφ’
640 1049 822 1106 Ἀχιλῆα
843 1050 1071 1105 κυκώμενοι
1092 1048 1246 1092 ἵστατο
1267 1051 1392 1105 κῦμα,

296 1118 393 1162 ὤθει
415 1117 450 1161 δ’
474 1118 518 1162 ἐν
537 1119 663 1162 σάκεϊ
678 1118 845 1162 πίπτων
864 1117 979 1176 ῥόος·
1013 1118 1113 1161 οὐδὲ
1134 1119 1352 1163 πόδεσσιν

295 1184 384 1246 εἶχε
405 1188 708 1246 στηρίξασθαι·
742 1190 765 1231 ὁ
788 1188 834 1231 δὲ
854 1188 1040 1244 πτελέην
1060 1188 1140 1232 ἕλε
1159 1189 1318 1247 χερσὶν

295 1261 468 1319 εὐφυέα,
489 1262 694 1319 μεγάλην·
726 1260 751 1317 ἦ
773 1261 810 1305 δ’
834 1261 879 1304 ἐκ
899 1261 1028 1319 ῥιζῶν
1048 1261 1259 1318 ἐριποῦσα

294 1332 477 1388 κρημνὸν
496 1331 660 1375 ἅπαντα
680 1331 851 1382 διῶσεν,
873 1331 1035 1389 ἐπέσχε
1060 1333 1107 1375 δὲ
1130 1333 1239 1375 καλὰ
1258 1331 1414 1391 ρεέθρα

294 1404 458 1459 ὄζοισιν
476 1406 704 1448 πυκινοῖσι·
741 1403 1000 1462 γεφύρωσεν
1021 1404 1071 1447 δέ
1088 1423 1161 1461 μιν
1181 1406 1325 1457 αὐτόν,

294 1476 398 1520 εἵσω
418 1474 523 1520 πᾶσ’
545 1475 752 1533 ε’ριποῦσ’·
786 1478 809 1518 ὁ
833 1474 868 1518 δ”
892 1474 958 1532 ἄρ’
981 1475 1026 1519 ἐκ
1049 1475 1164 1532 δίνης
1183 1475 1438 1535 ἀνορούσας,

293 1548 411 1605 ἤϊξεν
425 1546 594 1591 ,πεδίοιο
613 1547 721 1590 ποσὶ
743 1549 989 1604 κραιπνοῖσι
1008 1546 1231 1599 πέτεσθαι,

294 1621 454 1666 δείσας·
487 1619 589 1665 οὐδέ
606 1619 642 1664 τ’
665 1621 798 1678 ἔληγε
818 1620 951 1678 μέγας
963 1620 1082 1666 θεός·
1116 1620 1229 1678 ὦρτο
1250 1620 1286 1664 δ’
1311 1620 1374 1665 ἐπ’
1397 1621 1527 1666 αὐτὸν

295 1692 660 1749 ἀκροκελαινιόων,
681 1690 749 1736 ἵνα
769 1710 841 1748 μιν
860 1690 1043 1736 παύσειε
1063 1694 1212 1736 πόνοιο

295 1765 386 1808 δῖον
404 1764 632 1822 Ἀχιλλῆα,
655 1766 857 1821 Τρώεσσι
878 1764 926 1808 δὲ
947 1766 1099 1823 λοιγὸν
1118 1764 1316 1808 ἀλάλκοι.

295 1838 509 1893 Πηλείδης
530 1837 567 1880 δ’
590 1838 849 1895 ἀπόρουσεν,
873 1836 982 1881 ὅσον
1001 1836 1038 1880 τ’
1061 1837 1132 1882 ε’πὶ
1153 1838 1308 1895 δουρὸς
1329 1838 1454 1896 ἐρωὴ,

294 1908 436 1952 αἰετοῦ
457 1906 594 1964 οἴματ’
616 1908 729 1965 ἔχων
747 1907 953 1964 μέλανος,
975 1911 1053 1951 τοῦ
1075 1908 1325 1966 θηρητῆρος,

296 1977 354 2022 ὅσ
370 1978 406 2022 θ’
427 1977 514 2034 ἅμα
536 1979 767 2036 κάρτιστός
786 1997 833 2021 τε
850 1979 919 2021 καὶ
940 1977 1123 2024 ὤκιστος
1142 1983 1369 2035 πετεηνῶν·

295 2053 353 2109 τῷ
376 2047 495 2095 εἵκως
515 2050 648 2105 ἤϊξεν·
682 2050 751 2092 ἐπὶ
773 2048 992 2105 στήθεσσι
1013 2050 1060 2093 δὲ
1080 2051 1270 2107 χαλκὸςξ

296 2122 563 2180 σμερδαλέον
583 2123 815 2177 κονάβιζεν·
848 2122 1008 2167 ὕπαιθα
1029 2124 1075 2167 δὲ
1096 2125 1188 2167 τοῖο
1208 2124 1407 2170 λιασθεὶς

296 2193 436 2252 φεῦγ’·
470 2197 493 2238 ὁ
516 2194 552 2238 δ’
575 2193 731 2239 ὄπισθε
750 2194 859 2252 ῥέων
879 2194 1004 2239 ἕπετο
1024 2196 1200 2256 μεγάλῳ
1222 2196 1450 2254 ὀρυμαγδῷ
1468 2194 1501 2238 ¹³.

137 2275 224 2332 Eo
264 2277 515 2351 denique
562 2296 653 2335 res
691 2279 1020 2345 adducitur,
1059 2286 1128 2336 ut
1172 2279 1314 2336 licet
1355 2280 1429 2339 de
1472 2285 1694 2335 eventu
1727 2278 1884 2353 jam-

135 2371 358 2444 pridem
422 2374 698 2430 certiores
771 2375 888 2430 sint
959 2375 1119 2441 facti,
1180 2375 1482 2449 trepident
1551 2380 1754 2431 tamen
1822 2381 1885 2430 et

134 2465 470 2524 inhorreant
505 2467 776 2535 lectoreS,
814 2470 1112 2536 miranteS,
1149 2470 1291 2543 quid
1319 2468 1561 2527 Achille
1597 2470 1734 2527 fiet:
1780 2470 1881 2544 qui

135 2563 353 2636 primus
382 2564 503 2620 fere
533 2565 801 2621 fabulosa
830 2567 1118 2622 narrantis
1146 2566 1351 2623 honos.

216 2657 257 2715 J
259 2678 354 2715 am
384 2659 529 2716 levis
557 2659 660 2716 illa
689 2659 956 2716 Deorum
986 2662 1151 2734 quasi
1182 2660 1468 2729 velitatio‚
1485 2679 1621 2734 -quae
1644 2659 1882 2717 Platoni

136 2758 444 2829 tantopere
495 2754 811 2829 displicuit,
862 2755 1061 2812 nescio
1114 2755 1389 2829 equidem
1439 2773 1515 2811 311
1564 2773 1684 2811 11011
1742 2747 1883 2812 satis

92 2863 96 2866 ’
135 2865 238 2921 pro
287 2866 484 2905 rerum
536 2849 825 2925 dignitate
875 2849 1256 2907 adhibeatur:
1322 2849 1471 2906 illud
1522 2855 1684 2907 certo
1734 2849 1883 2907 scire

136 2942 279 2998 mihi
330 2943 548 3011 videor,
600 2962 731 3001 eam
782 2963 901 3001 non
958 2945 1178 3019 absque
1236 2944 1479 3003 consilio
1536 2945 1651 3002 hoc
1700 2945 1884 3019 potis-

137 3037 348 3094 simum
393 3038 522 3096 loco
569 3040 850 3097 adhiberi·
941 3040 1103 3097 Nam
1146 3046 1459 3115 postquam
1506 3058 1584 3096 ex
1630 3057 1700 3096 ea
1743 3039 1884 3095 satis

137 3134 420 3207 apparuit,
450 3135 776 3209 superiores
806 3153 1081 3192 evasuros
1105 3133 1472 3192 Achivorum
1496 3133 1674 3200 Deos,
1702 3134 1883 3189 ‘modo

138 3244 228 3283 res
282 3229 355 3284 ad
395 3229 627 3302 justum
679 3236 980 3287 certamen
1030 3230 1268 3296 redeat*9
1331 3235 1461 3284 tum
1514 3229 1754 3283 demum
1806 3245 1883 3282 ex

139 3322 263 3378 acie
320 3323 627 3380 discedunt
676 3323 854 3391 Juno,
908 3323 1206 3390 Minerva,
1254 3322 1594 3396 Neptunus⁹
1646 3321 1882 3387 caeteri.;

140 3413 247 3469 soli
269 3412 491 3471 Achilli
521 3419 864 3474 conceditur
893 3416 1150 3473 victoriae
1180 3415 1324 3472 laus,

842 3536 860 3562 ¹³
882 3537 936 3580 Il.
959 3537 1048 3579 xxi.
1074 3549 1174 3593 233.

977 3626 1002 3666 1
1035 3615 1072 3666 2
