2320 4126
645 1148 1329 1223 PRAELECTIO
1407 1152 1866 1224 TERTIA,

1140 1386 1383 1396 Q

361 1544 656 1604 Confirmatur
685 1548 844 1592 iterum
876 1554 1031 1592 nostra
1056 1548 1109 1592 de
1138 1549 1317 1593 Summa
1341 1550 1407 1594 rei
1439 1549 1633 1594 Poeticce
1669 1550 1802 1603 ratio,
1837 1550 2107 1608 aryumentis
2138 1563 2162 1594 e

417 1623 589 1666 coeteris
617 1622 804 1675 artibus,
833 1638 927 1681 quae
959 1623 1020 1666 ad
1049 1623 1363 1667 humanitatem
1386 1624 1629 1681 pertinent,
1653 1623 1865 1682 quaesitis.
1929 1623 2161 1681 Eoeemplis

416 1694 611 1748 docetur,
635 1696 764 1752 quale
783 1696 845 1739 sit
871 1696 987 1739 illud
1007 1695 1124 1753 quod
1143 1697 1372 1753 appellant
1398 1697 1527 1753 vulyo
1550 1697 1792 1749 Poeticum,
1815 1696 1936 1754 apud
1954 1697 2161 1740 Picto-res

405 1768 555 1826 primo
589 1774 632 1811 et
669 1769 955 1826 Scalptores:
994 1768 1148 1812 deinde
1185 1769 1232 1812 in
1262 1769 1580 1812 Architectura
1615 1775 1658 1812 et
1691 1770 1901 1813 Musica.-
1934 1775 2160 1827 postremo

414 1841 535 1899 apud
558 1841 785 1894 Oratores,
808 1857 1037 1900 omnesque
1059 1842 1135 1899 qui
1153 1842 1352 1886 versibus
1370 1843 1518 1886 soluta
1537 1843 1752 1887 scribunt.

484 2029 828 2089 ERACTA
880 2031 1012 2106 jam
1072 2050 1144 2088 ea
1202 2029 1626 2105 disputationis
1684 2036 1903 2087 nostrae
1965 2038 2155 2107 parte,

534 2148 670 2207 quae
712 2129 788 2187 ad
819 2128 1177 2186 familiarem
1206 2128 1370 2185 hunc
1408 2146 1749 2185 sermonem
1782 2134 1846 2185 et
1884 2129 1959 2186 ad
1992 2147 2157 2187 com-

353 2246 602 2286 munem
633 2228 820 2285 vitam
849 2227 1212 2303 pertinebat,
1243 2227 1319 2283 ad
1349 2225 1518 2283 illam
1548 2225 1820 2293 alteram,
1854 2227 1901 2284 si
1933 2226 2153 2303 placet,

354 2328 727 2393 accedamUS,
771 2344 902 2402 quae
942 2344 1021 2382 ex
1056 2344 1169 2382 usu
1215 2324 1537 2382 verborum
1583 2324 1843 2393 docebit,
1889 2324 2153 2401 primum

354 2424 603 2502 singulis
639 2423 869 2481 artibus
910 2442 1080 2481 suam
1111 2423 1414 2499 quandam
1447 2421 1668 2480 Poesin
1697 2422 1901 2490 tribui,
1934 2422 2154 2480 deinde

354 2522 513 2596 apud
559 2540 768 2579 omnes
814 2520 979 2579 idem
1024 2521 1150 2578 fere
1195 2539 1416 2578 munus
1458 2521 1585 2596 ejus
1631 2520 2018 2596 officiumque
2063 2521 2154 2578 in-'

353 2619 552 2677 dicari.

438 2715 667 2793 Atque,
709 2723 780 2774 ut
821 2735 1032 2774 verum
1069 2717 1277 2784 fatear,
1308 2716 1687 2786 Academici,
1721 2716 1949 2774 invitus
1988 2716 2151 2775 hunc

351 2813 553 2874 locum
601 2815 854 2893 attingo,
904 2836 1101 2891 neque
1152 2815 1419 2874 multum
1471 2815 1669 2874 abfuit
1717 2815 1863 2891 quin
1910 2835 2152 2892 prorsus

352 2913 758 2970 omittendum
819 2914 1269 2972 existimarem:
1335 2915 1438 2989 qui
1496 2932 1575 2970 ne
1634 2914 1843 2989 primis
1903 2913 2150 2989 quidem

351 3008 532 3067 labris
575 3008 748 3085 plura
790 3029 891 3066 me
945 3010 1145 3067 studia
1195 3017 1468 3086 gustasse
1516 3011 1748 3078 scirem,
1806 3010 1882 3068 de
1931 3011 2151 3086 quibus

351 3107 512 3183 apud
571 3124 693 3174 VOS,
741 3105 894 3163 tales
945 3107 1122 3174 virOS,
1171 3106 1355 3164 verba
1412 3107 1563 3163 mihi
1623 3107 1899 3164 facienda
1957 3115 2147 3166 erant.

351 3200 568 3279 Itaque
597 3203 1031 3279 praeteriissem,
1056 3203 1117 3259 ni
1149 3205 1497 3281 cogitarem,
1522 3204 1817 3280 imperitis
1847 3206 1911 3262 in
1943 3205 2150 3281 hujus-

349 3302 514 3358 modi
578 3307 935 3378 argumento
1002 3320 1124 3358 non
1195 3301 1351 3359 bene
1418 3301 1769 3380 suffragium
1840 3303 2145 3381 denegari.

352 3398 574 3474 Neque
619 3397 780 3455 enim
834 3399 1123 3475 cujusque
1175 3400 1319 3458 artis
1364 3419 1496 3476 quae
1551 3401 1628 3458 sit
1681 3400 1940 3459 formula
1984 3420 2147 3460 nunc

350 3495 704 3570 quaerimus3
765 3513 962 3570 neque
1014 3515 1123 3553 nos
1172 3497 1601 3573 discipulorum
1650 3497 1870 3565 locum,
1916 3499 2143 3556 nedum

348 3591 789 3667 magistrorum,
849 3592 1101 3668 implere
1161 3594 1488 3664 volumus3
1571 3597 1677 3653 sed
1739 3596 2143 3666 indoctorum,

349 3687 539 3745 otiose
570 3689 994 3763 spectantium.
1059 3690 1181 3759 Qui
1209 3692 1257 3749 si
1289 3692 1530 3767 quando
1553 3694 1698 3751 artis
1729 3694 1931 3770 ipsiuS,
1965 3713 2146 3770 quam
