2320 4126
362 236 434 288 82
696 237 1083 308 Disputationis
1107 245 1295 290 nostrae
1319 237 1382 290 de
1406 238 1450 290 Ι
1448 237 1590 291 liade
1614 255 1831 291 summa.
1912 256 2073 292 PRAEL.
2096 258 2171 294 v1.

361 380 761 455 vocabantur)
830 380 1172 438 communis
1232 380 1444 457 patriae
1513 399 1584 438 ac
1657 382 1898 458 generis
1971 401 2177 453 amor;

361 479 575 556 saepius
605 480 871 555 quidem,
905 499 1086 555 quam
1125 499 1234 555 par
1273 485 1421 547 erat,
1461 478 1722 537 dissidiis
1762 480 2082 537 tribulium
2114 488 2178 539 et

362 575 809 656 longinquitate
828 578 1148 655 regionum
1167 577 1553 635 interclusus„
1607 577 1763 636 Erat
1788 579 2176 655 optimatium

358 673 610 753 insignis
663 677 1024 745 reverentia,
1073 695 1215 734 cum
1267 676 1663 755 religionibus
1713 677 1875 735 haud
1923 678 2176 735 obscure

359 775 719 850 conjuncta:
760 776 957 833 inesse
989 776 1153 833 enim
1185 775 1415 852 aliquid
1440 776 1629 833 divini
1655 796 1896 853 quoque
1929 777 2175 835 seminis

355 875 624 951 patriciis
669 876 792 934 suis
837 875 1023 954 vulgo
1070 875 1461 934 tradebatur:
1509 874 1846 956 διοτρέφεας
1887 876 2175 948 βασιλῆας

355 974 579 1050 passim
639 973 910 1052 appellat
970 982 1196 1046 noster,
1259 981 1324 1033 et
1384 975 1572 1033 tertio
1632 982 1923 1052 quartove
1982 975 2173 1052 gradu

355 1072 573 1148 stirpes
615 1092 829 1131 eorum
871 1073 948 1131 de
992 1074 1244 1132 numine
1289 1073 1493 1150 aliquo
1533 1093 1757 1152 magna
1797 1093 1935 1131 cum
1979 1073 2175 1131 solici-

354 1171 570 1228 tudine
620 1171 876 1230 derivat.
968 1171 1194 1249 Neque
1248 1172 1413 1230 enim
1464 1172 1591 1230 ulla
1641 1191 1790 1250 gens
1844 1180 1992 1240 erat,
2041 1192 2172 1248 quae

357 1269 710 1349 diligentius
750 1271 1020 1349 singulis,
1062 1291 1186 1329 non
1231 1271 1368 1329 dico
1411 1271 1777 1350 regionibUS,
1827 1272 1931 1329 sed
1978 1271 2174 1327 homi-

355 1369 535 1427 nibus
566 1390 826 1448 quoque,
861 1390 1000 1430 suos
1030 1371 1363 1449 assignaret
1396 1378 1631 1429 tutores
1661 1391 1731 1428 ac
1759 1376 2061 1447 patronos,
2095 1370 2171 1426 de

356 1467 696 1526 coelestium
748 1489 1005 1527 numero
1065 1476 1379 1546 sumptos:
1443 1488 1655 1527 eorum
1710 1467 2015 1537 videlicet,
2066 1469 2169 1544 qui

355 1563 607 1634 δαίμονες
638 1568 1029 1637 vocabantur,

657 1726 832 1780 ἕσθλοι,
854 1726 1117 1786 ἐπιχθόνιοι,
1141 1726 1342 1787 φύλακες
1363 1727 1532 1784 θνητῶν
1553 1726 1814 1784 ἀνθρώπων.

354 1867 630 1937 Quorum
684 1869 872 1927 etiam
925 1869 988 1926 in
1041 1876 1271 1927 coetum
1319 1869 1585 1946 seipsum
1632 1867 1958 1943 aliquando
2008 1866 2168 1924 forte

351 1973 810 2043 perventurum,
841 1968 1127 2045 primario
1165 1967 1385 2043 cuique
1427 1985 1562 2044 spes
1594 1966 1871 2042 quaedam
1913 1965 2169 2024 obscura

354 2066 622 2124 suberat.
1428 2055 1431 2059 ’

443 2165 561 2222 His
591 2166 655 2222 in
686 2166 1045 2224 memoriam
1082 2165 1382 2223 revocatis
1415 2163 1574 2241 (quae
1606 2164 1854 2239 quidem
1886 2163 2169 2220 omnibus

354 2270 502 2321 nota
554 2271 720 2342 sunt)
774 2263 1204 2342 interroganda
1245 2264 1377 2340 jam
1429 2263 1602 2321 nobis
1654 2261 1784 2338 ipsa
1836 2261 1951 2318 erit
2005 2260 2164 2329 Ilias,

354 2362 808 2440 videndumque
839 2383 918 2422 an
949 2382 1021 2421 ea
1051 2382 1130 2421 ex
1173 2362 1340 2420 omni
1378 2368 1552 2439 parte
1583 2360 2017 2419 vetustioribus
2046 2359 2166 2418 illis
2244 2411 2257 2419 ,

351 2461 504 2519 adeo
528 2462 908 2539 respondeat,
929 2471 1000 2519 ut
1031 2461 1108 2520 ab
1138 2461 1376 2540 ingenti
1407 2480 1619 2518 eorum
1642 2478 1848 2517 amore
1871 2458 2164 2517 credibile

353 2560 432 2618 sit
491 2579 625 2618 eam
687 2562 956 2638 potuisse
1022 2561 1204 2618 nasci.
1328 2558 1659 2617 Enimvero
1729 2559 1807 2616 ad
1867 2558 2164 2634 ejusmodi

350 2660 522 2737 signa
561 2680 655 2718 res
697 2662 873 2729 redit,
915 2662 1020 2719 ubi
1063 2660 1317 2737 quaestio
1358 2660 1429 2717 fit
1471 2659 1548 2717 de
1589 2658 1897 2735 scriptoris
1942 2658 2162 2723 animo,

352 2758 776 2817 deficientibus
806 2759 992 2836 ipsius
1017 2759 1156 2817 vitae
1187 2758 1523 2817 annalibus,
1603 2756 1950 2834 Diligenter
1979 2776 2164 2814 excu-

352 2858 560 2916 tienda
601 2879 741 2916 cum
773 2860 970 2937 operis
1012 2859 1278 2917 universi
1308 2865 1445 2916 tum
1482 2856 1855 2936 singularum
1897 2856 2161 2932 partium

351 2957 540 3021 ratio:
588 2959 981 3033 quaerendum
1027 2958 1171 3034 quid
1220 2958 1284 3015 in
1330 2957 1588 3015 materia
1634 2954 1973 3032 deligenda,
2016 2955 2159 3030 quid

351 3055 413 3110 in
445 3055 714 3130 personis
756 3055 1214 3124 constituendis,
1247 3056 1393 3131 quid
1423 3055 1488 3112 in
1524 3053 1982 3117 sententiarum,
2016 3052 2159 3128 quid

352 3153 414 3208 in
462 3153 784 3211 verborum
839 3153 1083 3212 delectu
1134 3173 1256 3229 prae
1297 3153 1529 3210 caeteris
1573 3158 1756 3228 poeta
1801 3150 2157 3227 respexerit.

353 3247 427 3306 Id
470 3256 710 3308 tantum
752 3251 962 3309 sedulo
1009 3251 1368 3319 cavendum,
1404 3270 1483 3308 ne
1527 3250 1924 3326 propriorum,
1963 3255 2033 3306 ut
2069 3248 2157 3317 fit,

352 3349 571 3417 studi0‚
615 3350 849 3408 solicite
890 3350 1086 3417 nimis,
1132 3369 1211 3407 ne
1262 3344 1465 3407 dicam
1500 3348 1732 3425 putide,
1775 3349 1850 3405 ad
1900 3348 2156 3404 eandem

354 3448 556 3504 omnia
613 3467 890 3507 normam
950 3449 1340 3525 digeramus3
1415 3466 1493 3504 ne
1544 3447 1805 3522 ineptias
1866 3446 2157 3521 quasdam.

353 3552 587 3603 nostras
632 3565 993 3624 magnorum
1045 3546 1309 3602 virorum
1363 3544 1695 3602 luminibus
1749 3543 2151 3601 offundamus

355 3642 454 3700 Ita
477 3644 743 3713 tandem,
770 3664 847 3703 ex
879 3645 1009 3720 ipso
1042 3644 1306 3701 carmine
1330 3643 1592 3700 deducta
1614 3641 1910 3719 probabili
1935 3640 2150 3698 saltem

2300 3638 2320 4126 mmm-:muhanha-«mmss
2314 3590 2320 3618 ...
2319 3573 2320 3576 „
2317 3555 2320 3556 ,
