2320 4126
319 174 434 230 326
513 177 803 243 Naturam,
822 180 974 254 apud
994 181 1327 253 AEsckylum,
1353 182 1498 238 ‘nobis
1510 184 1717 254 favere.
1780 204 1945 239 PRAEL.
1968 204 2122 241 xvm.

325 325 697 385 Eumenides
736 334 800 386 et
837 326 1071 388 Parcae:
1139 348 1292 406 quae,
1335 330 1515 388 ooeois
1551 329 1696 389 licet
1733 330 2119 402 anfractibuS,

309 433 650 508 justissima
677 439 887 493 tamen
916 442 981 492 et
1011 435 1346 495 certissima
1375 434 1512 512 lege
1540 435 1845 511 procedat.

406 531 450 590 J
452 551 551 590 am
614 538 678 591 et
731 531 884 590 illud
936 552 1178 609 quoque
1230 551 1353 590 non
1399 532 1582 591 dubie
1636 534 1815 593 docet
1860 531 2119 612 AEsohy-

321 629 453 701 lus3
527 632 688 689 inter
744 630 1076 691 infortunia
1134 637 1198 690 et
1252 632 1578 710 angustiaS‚
1640 632 1767 690 dari
1829 634 2118 709 quodam-

320 729 503 791 modo
538 729 601 787 in
644 748 859 788 manus
905 728 1222 789 hominum
1267 731 1438 808 quasi
1483 737 1772 790 tesseram
1815 731 2118 808 quandam

322 828 588 888 melioris
639 829 787 888 olim
834 830 970 900 aevi,
1014 837 1336 909 propterea
1364 831 1527 908 quod
1575 838 1609 865 “
1639 830 1845 890 Tellus
1881 849 2120 909 quoque

318 934 385 986 et
425 947 671 1006 aequora
703 930 927 1007 ponti‚'’
967 937 1031 988 et
1072 931 1358 1008 quicquid
1397 950 1653 1008 usquam
1695 930 1950 991 validius
1988 929 2122 988 dul-

319 1026 527 1086 -oiusve
563 1029 867 1089 incurrere
908 1030 1071 1090 solet·
1101 1031 1166 1089 in
1205 1030 1411 1090 oculos
1446 1031 1780 1101 hominum,
1818 1051 1942 1091 non
1980 1049 2122 1089 oum

320 1129 607 1207 tyrannis,
666 1130 775 1189 sed
839 1150 981 1189 oum
1042 1130 1177 1190 Diis
1235 1131 1410 1190 bonis
1472 1138 1536 1189 et
1608 1131 1817 1189 amicis
1871 1129 2123 1189 humani

321 1229 560 1304 generis
605 1215 843 1288 sentire*
872 1231 1168 1289 videatur.
1260 1230 1344 1289 Et
1386 1230 1502 1289 hoo
1536 1230 1785 1307 quidem
1833 1229 2123 1291 latissime

319 1335 508 1404 patet,
540 1336 604 1387 et
633 1330 696 1389 in
725 1329 1161 1407 pulcherrimas
1197 1331 1471 1409 regiones
1501 1349 1685 1389 manu
1716 1330 1886 1388 ducit
1916 1349 2121 1389 veram

321 1426 559 1490 Poesin.
666 1429 831 1500 Quid
884 1430 1093 1490 enim?
1214 1430 1636 1499 Prometheus,
1690 1430 1803 1489 sibi
1849 1429 2119 1502 relictus,

319 1535 643 1606 postquam
715 1529 905 1588 semel
970 1535 1229 1589 tortores
1295 1530 1593 1598 abierunt,
1651 1549 1854 1591 nonne
1911 1530 1973 1587 in
2047 1550 2120 1589 ea

321 1629 529 1687 statim
565 1627 921 1705 prorumpit,
962 1647 1102 1704 quae
1141 1626 1422 1704 Orphieis
1456 1646 1627 1704 paene
1675 1626 1860 1685 fidem
1896 1626 2121 1685 faciant

321 1727 539 1787 fabulis
563 1745 578 1795 3
616 1727 770 1785 adeo
798 1733 942 1784 sunt
971 1726 1130 1784 bene
1153 1726 1427 1802 adeoque
1458 1732 1744 1803 potenter
1774 1731 2123 1802 comparata

322 1828 397 1885 ad
430 1846 524 1890 res
545 1846 758 1889 omnes
787 1826 1192 1907 undequaque
1222 1824 1653 1888 alliciendas³3

684 1969 719 2014 ὦ
742 1969 834 2015 δῖος
854 1968 1000 2028 αἰθὴρ,
1023 1968 1094 2014 καὶ
1115 1967 1384 2028 ταχύπτεροι
1404 1968 1551 2022 πνοαὶ,

683 2048 891 2102 ποταμῶν
910 2063 958 2089 τε
978 2044 1131 2104 πηγαὶ,
1151 2044 1340 2089 ποντίων
1359 2062 1409 2089 τε
1429 2041 1628 2102 κυμάτων

683 2117 923 2178 ἀνήριθμον
941 2118 1167 2178 γέλασμα,
1188 2120 1422 2178 παμμῆτορ
1443 2136 1492 2163 τε
1512 2120 1593 2178 γῆ,

686 2193 757 2238 καὶ
777 2194 856 2237 τὸν
874 2194 1100 2251 πανόπτην
1120 2191 1282 2237 κύκλον
1301 2191 1429 2249 ἡλίου
1450 2193 1586 2237 καλᾶν

686 2266 843 2314 ἴδεσθέ
860 2265 903 2325 μ’
927 2264 999 2311 οἷα
1018 2267 1130 2326 πρὸς
1151 2265 1263 2311 θεῶν
1281 2266 1445 2324 πάσχω
1466 2265 1581 2313 θεός,

747 2335 954 2397 δέρχθηθ’
975 2335 1088 2387 οἵαις
1106 2335 1319 2384 αἰκίαισιν

688 2412 1013 2470 διακναιόμενος
1032 2411 1110 2458 τὸν
1128 2411 1309 2469 μυριετῆ

688 2487 852 2546 χρόνον
871 2483 1095 2532 ἀθλεύσω·
1128 2481 1286 2529 τοιόνδ’
1308 2485 1333 2527 ὁ
1355 2481 1451 2531 νέος

689 2560 824 2620 ταγὸς
843 2559 1050 2619 μακάρων
1070 2555 1211 2618 ἐξεῦρ’
1235 2555 1301 2605 ἐπ’
1325 2556 1424 2614 ἐμοὶ

750 2634 918 2693 δεσμὸν
936 2633 1073 2694 ἀεικῆ.

414 2761 595 2832 Quod
637 2766 845 2820 autem
893 2765 1114 2820 vocatae
1158 2749 1434 2827 audiunt,
1482 2763 1666 2832 atque
1707 2754 1770 2812 in
1806 2755 1934 2831 ejus
1974 2754 2125 2814 sola-

328 2864 484 2921 tium
534 2862 802 2928 veniunt,
845 2861 1052 2938 primae
1099 2859 1373 2918 omnium
1420 2857 1759 2918 Oceanides
1805 2854 2130 2934 Nymphae,

329 2963 550 3021 deinde
610 2969 783 3039 pater
853 2962 981 3038 ipse
1042 2959 1359 3028 Oceanus3
1433 2956 1636 3016 nescio
1695 2953 1979 3032 equidem
2050 2974 2127 3013 an

331 3060 559 3118 nemini
605 3073 873 3117 vestrum
913 3057 1166 3135 probare
1219 3054 1454 3115 valeam
1492 3073 1694 3113 meam
1741 3053 2125 3120 sententiam,

333 3159 530 3217 dicam
592 3164 799 3216 tamen
857 3158 919 3215 id
979 3156 1140 3233 quod
1205 3157 1269 3213 in
1341 3160 1615 3213 mentem
1689 3153 1845 3212 solet
1903 3154 2125 3211 venire.

335 3258 498 3328 Quid
558 3257 607 3315 si
666 3255 1011 3335 AEschylus,
1072 3263 1143 3313 ut
1202 3260 1332 3314 erat
1389 3254 1477 3312 rei
1526 3252 1850 3311 maritimae
1896 3253 2128 3330 peritis-

334 3359 538 3426 simus,
563 3364 850 3436 agnoscat
878 3357 994 3415 hoo
1026 3355 1160 3415 1000
1190 3355 1514 3434 benignam
1541 3351 1734 3412 Maris
1767 3353 1905 3421 vim,
1929 3371 2127 3430 quam,

335 3466 405 3519 ut
450 3459 681 3536 opinor,-
727 3459 1021 3516 sentimus
1067 3456 1144 3515 ad
1197 3474 1386 3514 unum
1431 3472 1656 3522 omnes,
1709 3453 1813 3511 ubi
1865 3452 2132 3530 fatigatis

1092 3644 1107 3661 ²
1130 3637 1279 3681 Prom.
1304 3635 1377 3680 88.
