2320 4126
169 271 322 304 PRAEL.
340 270 448 302 vm.
668 267 778 302 cwm
803 249 1043 301 Diomede
1067 257 1403 318 comparatur.
1423 274 1425 276 ·
1716 244 1719 247 ¹
1808 254 1909 302 111

156 394 416 451 dicimus
447 391 658 458 studia,
682 409 809 464 quae
839 391 1040 446 tamen
1072 408 1172 447 eos
1202 391 1451 446 reddant
1482 390 1810 447 obtusiores
1840 394 1913 449 ad

168 509 237 547 ea
279 488 599 554 sentienda,
636 507 764 562 quae
808 506 1017 562 corpus
1054 494 1308 563 angant:
1355 488 1440 543 ita
1474 488 1643 545 nobis
1680 508 1918 563 quoque

170 585 339 641 venia
371 584 636 650 debetur,
666 584 944 640 audacius
979 583 1279 658 aliquanto
1316 585 1713 641 scrutantibus
1753 585 1919 641 nobi-

167 678 310 734 lium
361 676 678 732 Poetarum
738 677 1033 743 carmina;
1096 678 1417 751 praesertim
1469 698 1606 735 cum
1657 679 1918 754 ipsorum

166 771 488 847 splendoris
517 777 578 827 et
613 770 818 847 gloriae
848 772 1096 839 intersit,
1126 770 1351 829 clausas
1382 792 1584 830 eorum
1617 793 1686 831 ac
1715 794 1915 831 recon-

167 867 317 923 ditas
341 885 480 941 opes
503 866 563 921 in
593 866 898 923 clariorem
929 866 1124 923 lucem
1153 869 1360 942 promi.
1450 867 1564 926 His
1586 864 1919 944 praemissiS‚

168 961 494 1019 Diomedea
534 962 637 1019 illa
680 981 816 1020 cum
847 961 1137 1019 Achilleis
1179 964 1444 1040 argutius
1486 964 1685 1039 paullo
1729 965 1918 1022 ausim

171 1077 540 1133 componere.

279 1153 548 1228 Uterque
604 1154 900 1222 nimirum,
959 1174 995 1211 a
1053 1154 1296 1212 Pallade
1361 1162 1575 1222 tact-US,
1634 1163 1919 1231 tanquam

168 1250 441 1307 aethereis
506 1250 765 1307 collucet
822 1251 1097 1326 ignibus:
1163 1251 1265 1308 sed
1330 1251 1432 1309 ille
1490 1260 1766 1319 armatUS,
1823 1252 1921 1308 hic

170 1347 423 1403 inermis
513 1346 682 1402 Illius
731 1346 1015 1403 divinitus
1064 1347 1274 1403 ardent
1321 1347 1560 1422 clypeus
1600 1354 1664 1403 et
1711 1342 1919 1423 galea3

169 1444 305 1500 huic
357 1450 418 1500 et
473 1443 655 1519 galeae
712 1443 896 1500 instar
953 1450 1015 1499 et
1073 1443 1264 1519 clypei
1324 1443 1447 1501 sola
1505 1444 1609 1501 lux
1667 1444 1924 1501 coelestis

170 1540 414 1597 obtinet.

759 1652 769 1662 .
804 1652 816 1663 .
851 1652 861 1662 .
893 1619 1007 1678 ἀμφὶ
1029 1619 1065 1663 δ’
1087 1618 1258 1676 Ἀθήνη

402 1691 531 1748 ὤμοις
551 1691 770 1749 ἰφθίμοισι
790 1690 891 1744 βάλ’
913 1692 1057 1749 αἰγίδα
1077 1691 1428 1737 θυσσανόεσσαν·

404 1763 518 1821 ἀμφὶ
539 1763 588 1807 δέ
607 1765 646 1807 οἱ
668 1765 838 1821 κεφαλῇ
861 1763 993 1821 νέφος
1013 1765 1176 1822 ἔστεφε
1198 1765 1268 1808 διὰ
1289 1764 1425 1807 θεάων

402 1835 607 1894 χρύσεον,
630 1836 676 1880 ἐκ
697 1835 732 1880 δ’
756 1837 887 1880 αὐτοῦ
908 1836 1001 1880 δαῖε
1020 1837 1172 1894 φλόγα
1191 1837 1536 1893 παμφανόωσαν.

171 1966 304 2025 Hac
361 1985 478 2023 una
539 1984 619 2032 re,
677 1965 738 2021 ni
805 1964 993 2033 fallor,
1051 1963 1518 2021 luculentissime
1584 1963 1926 2040 depingitur

169 2061 478 2119 Diomedis
529 2069 590 2118 et
634 2059 904 2127 Achillis,
948 2059 1156 2116 militis
1214 2066 1276 2116 et
1326 2059 1539 2127 herois,
1590 2059 1922 2115 discrimen.

174 2159 390 2234 Neque
439 2177 577 2214 vero
635 2177 752 2214 non
803 2156 1141 2233 praeclaram
1200 2155 1465 2231 ejusdem
1517 2155 1700 2212 habet
1750 2155 1926 2231 signi-

173 2255 522 2320 ficationem,
547 2273 680 2328 quae
711 2253 947 2329 utrique
977 2253 1313 2328 apponitur,
1345 2250 1687 2308 similitudo·
1735 2249 1927 2307 Lucet

174 2350 455 2424 ardetque
486 2347 851 2405 Diomedeas
879 2349 1048 2425 ignis,

407 2480 555 2539 ἀστέρ’
577 2481 772 2541 ὀπωρινῷ
795 2482 1048 2540 ἐναλίγκιον,
1071 2480 1177 2525 ὅστε
1196 2482 1391 2537 μάλιστα

406 2555 606 2612 λαμπρὸν
623 2554 912 2612 παμφαίνῃσι,
933 2553 1196 2610 λελουμένος
1215 2552 1452 2596 Ὠκεάνοιο.

176 2666 400 2724 Achilli
455 2688 561 2743 pro
611 2688 827 2725 corona
875 2668 1175 2732 tribuitur,
1228 2687 1348 2723 non
1405 2666 1668 2722 lucidum
1729 2665 1928 2721 nescio

176 2765 316 2838 quid
366 2771 544 2839 atque
591 2765 815 2830 ardens,
867 2765 970 2820 sed
1015 2770 1077 2819 et
1128 2764 1255 2838 ipsa
1304 2763 1408 2819 lux
1461 2769 1524 2818 et
1575 2761 1730 2818 salus
1778 2760 1928 2818 coelo

177 2860 460 2916 demissa:
524 2859 585 2915 id
642 2861 798 2934 quod
858 2860 1081 2934 optime
1140 2860 1437 2925 docemur,
1496 2858 1717 2915 inserta
1763 2857 1928 2931 quasi

177 2954 392 3012 fabella
432 2956 563 3023 ista,
594 2956 668 3012 de
710 2955 902 3013 insula
944 2956 1192 3023 obsessa,
1229 2955 1571 3029 facibusque
1617 2974 1650 3011 e
1690 2952 1930 3029 specula

176 3050 380 3126 procul
430 3050 615 3109 elatis.
703 3050 1031 3120 Postremo,
1084 3051 1258 3127 quale
1306 3059 1713 3126 quantumque
1761 3049 1927 3115 illud,

178 3148 333 3221 quod
398 3148 562 3222 equis
621 3148 803 3205 etiam
869 3149 1208 3224 agnoscitur
1274 3167 1394 3205 vox
1453 3146 1688 3214 Herois‚
1748 3144 1930 3202 fatale

179 3243 375 3300 nescio
405 3245 545 3318 quid
577 3244 1036 3321 augurantibus!

644 3402 655 3413 .
690 3402 701 3413 .
733 3369 840 3428 ἅταρ
862 3370 1138 3427 καλλίτριχες·
1157 3369 1281 3414 ἵπποι

414 3440 485 3498 ἂψ
503 3439 610 3497 ὄχεα
629 3442 827 3498 τρόπεον·
859 3440 1052 3486 ὄσσοντο
1072 3441 1157 3499 γὰρ
1178 3440 1316 3499 ἅλγεα
1337 3440 1472 3498 θυμῷ.

184 3551 387 3628 Atque
431 3574 501 3613 ea
535 3555 772 3630 quidem
816 3555 1111 3631 popularis
1151 3575 1220 3612 ac
1265 3556 1406 3612 trita
1449 3554 1663 3630 opiniO,
1705 3554 1931 3628 siquem
