<?xml version="1.0" encoding="UTF-8"?>
<!DOCTYPE html PUBLIC "-//W3C//DTD XHTML 1.0 Transitional//EN"
    "http://www.w3.org/TR/xhtml1/DTD/xhtml1-transitional.dtd">
<html xmlns="http://www.w3.org/1999/xhtml" xml:lang="en" lang="en">
 <head>
  <title>
</title>
<meta http-equiv="Content-Type" content="text/html;charset=utf-8" />
  <meta name='ocr-system' content='tesseract 3.04.00' />
  <meta name='ocr-capabilities' content='ocr_page ocr_carea ocr_par ocr_line ocrx_word'/>
</head>
<body>
  <div class='ocr_page' id='page_1' title='image "./a588873901kebluoft_0332.png"; bbox 0 0 2320 4126; ppageno 0'>
   <div class='ocr_carea' id='block_1_1' title="bbox 344 202 2143 275">
    <p class='ocr_par' dir='ltr' id='par_1_1' title="bbox 344 202 2143 275">
     <span class='ocr_line' id='line_1_1' title="bbox 344 202 2143 275; baseline 0.003 -20"><span class='ocrx_word' id='word_1_1' title='bbox 344 203 455 255; x_wconf 71' lang='lat'>322</span> <span class='ocrx_word' id='word_1_2' title='bbox 548 202 833 273; x_wconf 67' lang='lat' dir='ltr'>AEsohybws</span> <span class='ocrx_word' id='word_1_3' title='bbox 857 221 1018 275; x_wconf 77' lang='lat' dir='ltr'>quare</span> <span class='ocrx_word' id='word_1_4' title='bbox 1043 203 1111 257; x_wconf 75' lang='lat' dir='ltr'>sit</span> <span class='ocrx_word' id='word_1_5' title='bbox 1135 203 1336 258; x_wconf 73' lang='lat' dir='ltr'>tristior</span> <span class='ocrx_word' id='word_1_6' title='bbox 1359 204 1418 257; x_wconf 71' lang='lat' dir='ltr'>in</span> <span class='ocrx_word' id='word_1_7' title='bbox 1445 221 1500 257; x_wconf 76' lang='lat' dir='ltr'>re</span> <span class='ocrx_word' id='word_1_8' title='bbox 1526 202 1727 258; x_wconf 66' lang='lat' dir='ltr'>divina.</span> <span class='ocrx_word' id='word_1_9' title='bbox 1798 224 1959 260; x_wconf 78' lang='lat' dir='ltr'><strong>PRAEL.</strong></span> <span class='ocrx_word' id='word_1_10' title='bbox 1988 223 2143 260; x_wconf 85' lang='lat' dir='ltr'>xvm.</span> 
     </span>
    </p>
   </div>
   <div class='ocr_carea' id='block_1_2' title="bbox 342 348 2150 2119">
    <p class='ocr_par' dir='ltr' id='par_1_2' title="bbox 342 348 2150 1518">
     <span class='ocr_line' id='line_1_2' title="bbox 345 348 2144 426; baseline -0.002 -17"><span class='ocrx_word' id='word_1_11' title='bbox 345 348 587 409; x_wconf 90' lang='lat' dir='ltr'>Videtis</span> <span class='ocrx_word' id='word_1_12' title='bbox 624 349 880 408; x_wconf 90' lang='lat' dir='ltr'>eandem</span> <span class='ocrx_word' id='word_1_13' title='bbox 915 348 1105 407; x_wconf 89' lang='lat' dir='ltr'>ferme</span> <span class='ocrx_word' id='word_1_14' title='bbox 1135 349 1431 407; x_wconf 91' lang='lat' dir='ltr'>rationem</span> <span class='ocrx_word' id='word_1_15' title='bbox 1475 348 1746 426; x_wconf 89' lang='lat' dir='ltr'>proferri,</span> <span class='ocrx_word' id='word_1_16' title='bbox 1775 356 1960 426; x_wconf 88' lang='lat' dir='ltr'>atque</span> <span class='ocrx_word' id='word_1_17' title='bbox 1989 370 2144 419; x_wconf 90' lang='lat' dir='ltr'>eam,</span> 
     </span>
     <span class='ocr_line' id='line_1_3' title="bbox 345 449 2147 525; baseline 0 -19"><span class='ocrx_word' id='word_1_18' title='bbox 345 467 464 525; x_wconf 89' lang='lat' dir='ltr'>qua</span> <span class='ocrx_word' id='word_1_19' title='bbox 515 449 711 507; x_wconf 91' lang='lat' dir='ltr'>utitur</span> <span class='ocrx_word' id='word_1_20' title='bbox 756 449 820 506; x_wconf 95' lang='lat' dir='ltr'>in</span> <span class='ocrx_word' id='word_1_21' title='bbox 869 449 1085 507; x_wconf 91' lang='lat' dir='ltr'>eodem</span> <span class='ocrx_word' id='word_1_22' title='bbox 1130 454 1490 525; x_wconf 87' lang='lat' dir='ltr'>argumento</span> <span class='ocrx_word' id='word_1_23' title='bbox 1533 449 1907 506; x_wconf 86' lang='lat' dir='ltr'>venerandus</span> <span class='ocrx_word' id='word_1_24' title='bbox 1955 468 2147 507; x_wconf 85' lang='lat' dir='ltr'>sacra-</span> 
     </span>
     <span class='ocr_line' id='line_1_4' title="bbox 344 545 2145 626; baseline -0.001 -21"><span class='ocrx_word' id='word_1_25' title='bbox 344 554 566 606; x_wconf 85' lang='lat' dir='ltr'>sanctae</span> <span class='ocrx_word' id='word_1_26' title='bbox 606 548 956 626; x_wconf 89' lang='lat' dir='ltr'>Theologiae</span> <span class='ocrx_word' id='word_1_27' title='bbox 988 548 1259 615; x_wconf 84' lang='lat' dir='ltr'>antisteS,</span> <span class='ocrx_word' id='word_1_28' title='bbox 1294 545 1601 606; x_wconf 89' lang='lat' dir='ltr'>Butlerus.</span> <span class='ocrx_word' id='word_1_29' title='bbox 1690 546 1753 605; x_wconf 90' lang='lat' dir='ltr'>Is</span> <span class='ocrx_word' id='word_1_30' title='bbox 1784 548 1963 616; x_wconf 90' lang='lat' dir='ltr'>enim,</span> <span class='ocrx_word' id='word_1_31' title='bbox 2005 567 2145 605; x_wconf 89' lang='lat' dir='ltr'>cum</span> 
     </span>
     <span class='ocr_line' id='line_1_5' title="bbox 344 645 2143 724; baseline -0.001 -20"><span class='ocrx_word' id='word_1_32' title='bbox 344 665 448 704; x_wconf 89' lang='lat' dir='ltr'>eos</span> <span class='ocrx_word' id='word_1_33' title='bbox 499 645 988 724; x_wconf 90' lang='lat' dir='ltr'>reprehenderet,</span> <span class='ocrx_word' id='word_1_34' title='bbox 1039 646 1164 722; x_wconf 91' lang='lat' dir='ltr'>qui,</span> <span class='ocrx_word' id='word_1_35' title='bbox 1225 645 1365 703; x_wconf 88' lang='lat' dir='ltr'>freti</span> <span class='ocrx_word' id='word_1_36' title='bbox 1415 647 1698 723; x_wconf 93' lang='lat' dir='ltr'>opinione</span> <span class='ocrx_word' id='word_1_37' title='bbox 1750 646 2143 715; x_wconf 77' lang='lat' dir='ltr'><strong>necessitatis,</strong></span> 
     </span>
     <span class='ocr_line' id='line_1_6' title="bbox 342 744 2143 823; baseline 0 -22"><span class='ocrx_word' id='word_1_38' title='bbox 342 751 569 823; x_wconf 88' lang='lat' dir='ltr'>negant</span> <span class='ocrx_word' id='word_1_39' title='bbox 627 744 820 803; x_wconf 90' lang='lat' dir='ltr'>malos</span> <span class='ocrx_word' id='word_1_40' title='bbox 877 754 1046 803; x_wconf 87' lang='lat' dir='ltr'>recte</span> <span class='ocrx_word' id='word_1_41' title='bbox 1113 745 1328 821; x_wconf 88' lang='lat' dir='ltr'>puniri,</span> <span class='ocrx_word' id='word_1_42' title='bbox 1392 745 1788 823; x_wconf 85' lang='lat' dir='ltr'>interrogavit</span> <span class='ocrx_word' id='word_1_43' title='bbox 1839 751 2143 821; x_wconf 78' lang='lat' dir='ltr'>peracute,</span> 
     </span>
     <span class='ocr_line' id='line_1_7' title="bbox 344 842 2146 921; baseline -0.001 -20"><span class='ocrx_word' id='word_1_44' title='bbox 344 851 378 875; x_wconf 77' lang='lat'>‘⁶</span> <span class='ocrx_word' id='word_1_45' title='bbox 404 842 556 913; x_wconf 82' lang='lat' dir='ltr'>Quae</span> <span class='ocrx_word' id='word_1_46' title='bbox 606 844 933 902; x_wconf 81' lang='lat' dir='ltr'>necessitas</span> <span class='ocrx_word' id='word_1_47' title='bbox 986 844 1238 902; x_wconf 88' lang='lat' dir='ltr'>crimine</span> <span class='ocrx_word' id='word_1_48' title='bbox 1279 843 1443 903; x_wconf 89' lang='lat' dir='ltr'>levat</span> <span class='ocrx_word' id='word_1_49' title='bbox 1497 845 1673 902; x_wconf 87' lang='lat' dir='ltr'>caedis</span> <span class='ocrx_word' id='word_1_50' title='bbox 1717 864 1899 913; x_wconf 68' lang='lat' dir='ltr'>reum,</span> <span class='ocrx_word' id='word_1_51' title='bbox 1937 842 2146 921; x_wconf 92' lang='lat' dir='ltr'>quidni</span> 
     </span>
     <span class='ocr_line' id='line_1_8' title="bbox 343 939 2150 1020; baseline 0 -21"><span class='ocrx_word' id='word_1_52' title='bbox 343 939 589 1000; x_wconf 73' lang='lat' dir='ltr'>ultorem</span> <span class='ocrx_word' id='word_1_53' title='bbox 635 943 822 1001; x_wconf 91' lang='lat' dir='ltr'>etiam</span> <span class='ocrx_word' id='word_1_54' title='bbox 873 942 1150 1001; x_wconf 70' lang='lat' dir='ltr'>levet‘?”</span> <span class='ocrx_word' id='word_1_55' title='bbox 1259 942 1407 1000; x_wconf 93' lang='lat' dir='ltr'>Non</span> <span class='ocrx_word' id='word_1_56' title='bbox 1451 963 1663 1020; x_wconf 90' lang='lat' dir='ltr'>parum</span> <span class='ocrx_word' id='word_1_57' title='bbox 1705 943 1866 1001; x_wconf 86' lang='lat' dir='ltr'>valet</span> <span class='ocrx_word' id='word_1_58' title='bbox 1910 943 1973 1000; x_wconf 92' lang='lat' dir='ltr'>in</span> <span class='ocrx_word' id='word_1_59' title='bbox 2017 942 2150 1000; x_wconf 84' lang='lat' dir='ltr'>AEs-</span> 
     </span>
     <span class='ocr_line' id='line_1_9' title="bbox 344 1041 2148 1120; baseline -0.001 -21"><span class='ocrx_word' id='word_1_60' title='bbox 344 1041 504 1118; x_wconf 90' lang='lat' dir='ltr'>chyli</span> <span class='ocrx_word' id='word_1_61' title='bbox 535 1049 744 1100; x_wconf 89' lang='lat' dir='ltr'>mente</span> <span class='ocrx_word' id='word_1_62' title='bbox 775 1041 1153 1110; x_wconf 89' lang='lat' dir='ltr'>declaranda,</span> <span class='ocrx_word' id='word_1_63' title='bbox 1186 1043 1346 1118; x_wconf 92' lang='lat' dir='ltr'>quod</span> <span class='ocrx_word' id='word_1_64' title='bbox 1381 1062 1493 1100; x_wconf 90' lang='lat' dir='ltr'>acu</span> <span class='ocrx_word' id='word_1_65' title='bbox 1525 1041 1692 1118; x_wconf 86' lang='lat' dir='ltr'>quasi</span> <span class='ocrx_word' id='word_1_66' title='bbox 1724 1042 1996 1120; x_wconf 89' lang='lat' dir='ltr'>tetigerit</span> <span class='ocrx_word' id='word_1_67' title='bbox 2026 1060 2148 1098; x_wconf 93' lang='lat' dir='ltr'>non</span> 
     </span>
     <span class='ocr_line' id='line_1_10' title="bbox 343 1139 2149 1217; baseline 0.001 -22"><span class='ocrx_word' id='word_1_68' title='bbox 343 1139 526 1197; x_wconf 92' lang='lat' dir='ltr'>modo</span> <span class='ocrx_word' id='word_1_69' title='bbox 559 1159 767 1198; x_wconf 89' lang='lat' dir='ltr'>eorum</span> <span class='ocrx_word' id='word_1_70' title='bbox 801 1159 1082 1209; x_wconf 90' lang='lat' dir='ltr'>errorem,</span> <span class='ocrx_word' id='word_1_71' title='bbox 1115 1141 1237 1216; x_wconf 88' lang='lat' dir='ltr'>qui,</span> <span class='ocrx_word' id='word_1_72' title='bbox 1270 1140 1396 1199; x_wconf 85' lang='lat' dir='ltr'>fato</span> <span class='ocrx_word' id='word_1_73' title='bbox 1427 1160 1726 1208; x_wconf 81' lang='lat' dir='ltr'>conceSSO,</span> <span class='ocrx_word' id='word_1_74' title='bbox 1766 1140 1900 1198; x_wconf 94' lang='lat' dir='ltr'>tolli</span> <span class='ocrx_word' id='word_1_75' title='bbox 1929 1144 2149 1217; x_wconf 90' lang='lat' dir='ltr'>putant</span> 
     </span>
     <span class='ocr_line' id='line_1_11' title="bbox 342 1237 2148 1319; baseline 0.001 -24"><span class='ocrx_word' id='word_1_76' title='bbox 342 1237 719 1317; x_wconf 87' lang='lat' dir='ltr'>religionem,</span> <span class='ocrx_word' id='word_1_77' title='bbox 769 1259 980 1298; x_wconf 88' lang='lat' dir='ltr'>verum</span> <span class='ocrx_word' id='word_1_78' title='bbox 1027 1241 1215 1299; x_wconf 89' lang='lat' dir='ltr'>etiam</span> <span class='ocrx_word' id='word_1_79' title='bbox 1275 1239 1498 1306; x_wconf 84' lang='lat' dir='ltr'>subtile</span> <span class='ocrx_word' id='word_1_80' title='bbox 1543 1241 1834 1319; x_wconf 88' lang='lat' dir='ltr'>ingeniosi</span> <span class='ocrx_word' id='word_1_81' title='bbox 1887 1239 2148 1297; x_wconf 90' lang='lat' dir='ltr'>hominis</span> 
     </span>
     <span class='ocr_line' id='line_1_12' title="bbox 343 1340 2148 1419; baseline 0 -23"><span class='ocrx_word' id='word_1_82' title='bbox 343 1358 718 1418; x_wconf 89' lang='lat' dir='ltr'>responsum,</span> <span class='ocrx_word' id='word_1_83' title='bbox 756 1359 878 1417; x_wconf 90' lang='lat' dir='ltr'>quo</span> <span class='ocrx_word' id='word_1_84' title='bbox 914 1340 965 1398; x_wconf 93' lang='lat' dir='ltr'>is</span> <span class='ocrx_word' id='word_1_85' title='bbox 1002 1341 1226 1408; x_wconf 89' lang='lat' dir='ltr'>docuit,</span> <span class='ocrx_word' id='word_1_86' title='bbox 1264 1341 1477 1399; x_wconf 90' lang='lat' dir='ltr'>mundi</span> <span class='ocrx_word' id='word_1_87' title='bbox 1511 1341 1800 1419; x_wconf 90' lang='lat' dir='ltr'>regimen,</span> <span class='ocrx_word' id='word_1_88' title='bbox 1837 1341 1950 1398; x_wconf 92' lang='lat' dir='ltr'>etsi</span> <span class='ocrx_word' id='word_1_89' title='bbox 1991 1340 2148 1397; x_wconf 89' lang='lat' dir='ltr'>foret</span> 
     </span>
     <span class='ocr_line' id='line_1_13' title="bbox 343 1437 1975 1518; baseline 0.002 -23"><span class='ocrx_word' id='word_1_90' title='bbox 343 1437 546 1508; x_wconf 83' lang='lat' dir='ltr'>fatale,</span> <span class='ocrx_word' id='word_1_91' title='bbox 567 1439 920 1516; x_wconf 89' lang='lat' dir='ltr'>justissimis</span> <span class='ocrx_word' id='word_1_92' title='bbox 950 1446 1159 1500; x_wconf 89' lang='lat' dir='ltr'>tamen</span> <span class='ocrx_word' id='word_1_93' title='bbox 1190 1440 1486 1499; x_wconf 83' lang='lat' dir='ltr'>contineri</span> <span class='ocrx_word' id='word_1_94' title='bbox 1516 1460 1692 1518; x_wconf 92' lang='lat' dir='ltr'>posse</span> <span class='ocrx_word' id='word_1_95' title='bbox 1722 1440 1975 1518; x_wconf 72' lang='lat' dir='ltr'>legibus</span> 
     </span>
    </p>

    <p class='ocr_par' dir='ltr' id='par_1_3' title="bbox 342 1536 2149 2119">
     <span class='ocr_line' id='line_1_14' title="bbox 431 1536 2146 1618; baseline 0.001 -23"><span class='ocrx_word' id='word_1_96' title='bbox 431 1536 590 1596; x_wconf 85' lang='lat' dir='ltr'>Haec</span> <span class='ocrx_word' id='word_1_97' title='bbox 626 1538 830 1608; x_wconf 89' lang='lat' dir='ltr'>habui,</span> <span class='ocrx_word' id='word_1_98' title='bbox 863 1558 995 1616; x_wconf 89' lang='lat' dir='ltr'>quae</span> <span class='ocrx_word' id='word_1_99' title='bbox 1031 1559 1109 1597; x_wconf 89' lang='lat' dir='ltr'>ex</span> <span class='ocrx_word' id='word_1_100' title='bbox 1149 1536 1639 1618; x_wconf 88' lang='lat' dir='ltr'>Agamemnonia</span> <span class='ocrx_word' id='word_1_101' title='bbox 1679 1540 1831 1598; x_wconf 92' lang='lat' dir='ltr'>serie</span> <span class='ocrx_word' id='word_1_102' title='bbox 1867 1548 2146 1617; x_wconf 89' lang='lat' dir='ltr'>putarem</span> 
     </span>
     <span class='ocr_line' id='line_1_15' title="bbox 343 1636 2148 1716; baseline 0.001 -21"><span class='ocrx_word' id='word_1_103' title='bbox 343 1636 461 1695; x_wconf 90' lang='lat' dir='ltr'>hoc</span> <span class='ocrx_word' id='word_1_104' title='bbox 491 1645 766 1716; x_wconf 90' lang='lat' dir='ltr'>tempore</span> <span class='ocrx_word' id='word_1_105' title='bbox 797 1639 1231 1716; x_wconf 88' lang='lat' dir='ltr'>expromenda:</span> <span class='ocrx_word' id='word_1_106' title='bbox 1279 1659 1399 1716; x_wconf 91' lang='lat' dir='ltr'>quo</span> <span class='ocrx_word' id='word_1_107' title='bbox 1430 1639 1653 1698; x_wconf 86' lang='lat' dir='ltr'>certius</span> <span class='ocrx_word' id='word_1_108' title='bbox 1679 1646 1984 1698; x_wconf 87' lang='lat' dir='ltr'>constaret</span> <span class='ocrx_word' id='word_1_109' title='bbox 2014 1639 2148 1697; x_wconf 88' lang='lat' dir='ltr'>AEs-</span> 
     </span>
     <span class='ocr_line' id='line_1_16' title="bbox 343 1735 2146 1814; baseline 0.002 -20"><span class='ocrx_word' id='word_1_110' title='bbox 343 1735 502 1814; x_wconf 82' lang='lat' dir='ltr'>chyli</span> <span class='ocrx_word' id='word_1_111' title='bbox 536 1738 839 1796; x_wconf 91' lang='lat' dir='ltr'>sententia</span> <span class='ocrx_word' id='word_1_112' title='bbox 870 1739 945 1796; x_wconf 91' lang='lat' dir='ltr'>de</span> <span class='ocrx_word' id='word_1_113' title='bbox 970 1738 1173 1796; x_wconf 90' lang='lat' dir='ltr'>divino</span> <span class='ocrx_word' id='word_1_114' title='bbox 1196 1758 1398 1797; x_wconf 89' lang='lat' dir='ltr'>rerum</span> <span class='ocrx_word' id='word_1_115' title='bbox 1421 1739 1687 1797; x_wconf 88' lang='lat' dir='ltr'>arbitri0.</span> <span class='ocrx_word' id='word_1_116' title='bbox 1747 1739 1898 1809; x_wconf 81' lang='lat' dir='ltr'>Quae</span> <span class='ocrx_word' id='word_1_117' title='bbox 1925 1740 2146 1808; x_wconf 90' lang='lat' dir='ltr'>omnia,</span> 
     </span>
     <span class='ocr_line' id='line_1_17' title="bbox 344 1837 2148 1918; baseline 0.002 -24"><span class='ocrx_word' id='word_1_118' title='bbox 344 1837 391 1895; x_wconf 91' lang='lat' dir='ltr'>si</span> <span class='ocrx_word' id='word_1_119' title='bbox 428 1857 537 1914; x_wconf 91' lang='lat' dir='ltr'>per</span> <span class='ocrx_word' id='word_1_120' title='bbox 577 1844 820 1916; x_wconf 89' lang='lat' dir='ltr'>tempus</span> <span class='ocrx_word' id='word_1_121' title='bbox 858 1837 1087 1905; x_wconf 89' lang='lat' dir='ltr'>liceret,</span> <span class='ocrx_word' id='word_1_122' title='bbox 1126 1838 1492 1897; x_wconf 87' lang='lat' dir='ltr'>cumulanda</span> <span class='ocrx_word' id='word_1_123' title='bbox 1529 1846 1702 1898; x_wconf 91' lang='lat' dir='ltr'>erant</span> <span class='ocrx_word' id='word_1_124' title='bbox 1731 1839 1941 1897; x_wconf 88' lang='lat' dir='ltr'>multis</span> <span class='ocrx_word' id='word_1_125' title='bbox 1979 1859 2148 1918; x_wconf 87' lang='lat' dir='ltr'>mag-</span> 
     </span>
     <span class='ocr_line' id='line_1_18' title="bbox 342 1936 2149 2016; baseline 0.002 -22"><span class='ocrx_word' id='word_1_126' title='bbox 342 1936 557 2012; x_wconf 88' lang='lat' dir='ltr'>nisque</span> <span class='ocrx_word' id='word_1_127' title='bbox 606 1937 921 2016; x_wconf 82' lang='lat' dir='ltr'>exempliS,</span> <span class='ocrx_word' id='word_1_128' title='bbox 984 1938 1207 2015; x_wconf 89' lang='lat' dir='ltr'>partim</span> <span class='ocrx_word' id='word_1_129' title='bbox 1255 1937 1559 2015; x_wconf 86' lang='lat' dir='ltr'>excerptis</span> <span class='ocrx_word' id='word_1_130' title='bbox 1617 1938 1694 1996; x_wconf 90' lang='lat' dir='ltr'>ab</span> <span class='ocrx_word' id='word_1_131' title='bbox 1747 1938 1959 1996; x_wconf 90' lang='lat' dir='ltr'>eadem</span> <span class='ocrx_word' id='word_1_132' title='bbox 2006 1938 2149 1997; x_wconf 90' lang='lat' dir='ltr'>Tra-</span> 
     </span>
     <span class='ocr_line' id='line_1_19' title="bbox 342 2036 1778 2119; baseline 0.001 -25"><span class='ocrx_word' id='word_1_133' title='bbox 342 2037 559 2114; x_wconf 88' lang='lat' dir='ltr'>goedia,</span> <span class='ocrx_word' id='word_1_134' title='bbox 585 2039 803 2115; x_wconf 86' lang='lat' dir='ltr'>partim</span> <span class='ocrx_word' id='word_1_135' title='bbox 837 2058 872 2097; x_wconf 93' lang='lat' dir='ltr'>e</span> <span class='ocrx_word' id='word_1_136' title='bbox 903 2037 1135 2115; x_wconf 88' lang='lat' dir='ltr'>reliqua</span> <span class='ocrx_word' id='word_1_137' title='bbox 1160 2036 1469 2119; x_wconf 81' lang='grc' dir='ltr'>Ὀρεστείᾳ</span> <span class='ocrx_word' id='word_1_138' title='bbox 1504 2037 1778 2098; x_wconf 91' lang='lat' dir='ltr'>delectis.</span> 
     </span>
    </p>
   </div>
   <div class='ocr_carea' id='block_1_3' title="bbox 341 2235 2157 3609">
    <p class='ocr_par' dir='ltr' id='par_1_4' title="bbox 341 2235 2157 3609">
     <span class='ocr_line' id='line_1_20' title="bbox 431 2235 2148 2313; baseline 0 -18"><span class='ocrx_word' id='word_1_139' title='bbox 431 2235 668 2296; x_wconf 87' lang='lat' dir='ltr'>Verum</span> <span class='ocrx_word' id='word_1_140' title='bbox 710 2238 1028 2295; x_wconf 86' lang='lat' dir='ltr'>redeamus</span> <span class='ocrx_word' id='word_1_141' title='bbox 1065 2236 1142 2295; x_wconf 92' lang='lat' dir='ltr'>ad</span> <span class='ocrx_word' id='word_1_142' title='bbox 1182 2235 1582 2305; x_wconf 82' lang='lat' dir='ltr'>Promethea3</span> <span class='ocrx_word' id='word_1_143' title='bbox 1628 2238 1913 2313; x_wconf 88' lang='lat' dir='ltr'>quoniam</span> <span class='ocrx_word' id='word_1_144' title='bbox 1956 2256 2034 2295; x_wconf 89' lang='lat' dir='ltr'>ex</span> <span class='ocrx_word' id='word_1_145' title='bbox 2075 2257 2148 2295; x_wconf 87' lang='lat' dir='ltr'>ea</span> 
     </span>
     <span class='ocr_line' id='line_1_21' title="bbox 342 2334 2147 2412; baseline 0.001 -20"><span class='ocrx_word' id='word_1_146' title='bbox 342 2334 721 2411; x_wconf 90' lang='lat' dir='ltr'>potissimum</span> <span class='ocrx_word' id='word_1_147' title='bbox 762 2334 968 2393; x_wconf 85' lang='lat' dir='ltr'>fabula</span> <span class='ocrx_word' id='word_1_148' title='bbox 1005 2336 1382 2394; x_wconf 89' lang='lat' dir='ltr'>decrevimus</span> <span class='ocrx_word' id='word_1_149' title='bbox 1422 2335 1604 2393; x_wconf 90' lang='lat' dir='ltr'>hodie</span> <span class='ocrx_word' id='word_1_150' title='bbox 1641 2335 1936 2412; x_wconf 91' lang='lat' dir='ltr'>expiscari</span> <span class='ocrx_word' id='word_1_151' title='bbox 1976 2355 2147 2393; x_wconf 92' lang='lat' dir='ltr'>men-</span> 
     </span>
     <span class='ocr_line' id='line_1_22' title="bbox 342 2433 2142 2512; baseline 0.001 -20"><span class='ocrx_word' id='word_1_152' title='bbox 342 2441 471 2492; x_wconf 90' lang='lat' dir='ltr'>tem</span> <span class='ocrx_word' id='word_1_153' title='bbox 509 2433 743 2493; x_wconf 87' lang='lat' dir='ltr'>Poetae.</span> <span class='ocrx_word' id='word_1_154' title='bbox 834 2434 932 2492; x_wconf 91' lang='lat' dir='ltr'>Ex</span> <span class='ocrx_word' id='word_1_155' title='bbox 976 2435 1066 2506; x_wconf 91' lang='lat' dir='ltr'>iis,</span> <span class='ocrx_word' id='word_1_156' title='bbox 1108 2455 1246 2512; x_wconf 89' lang='lat' dir='ltr'>quae</span> <span class='ocrx_word' id='word_1_157' title='bbox 1281 2435 1412 2511; x_wconf 90' lang='lat' dir='ltr'>jam</span> <span class='ocrx_word' id='word_1_158' title='bbox 1451 2434 1615 2493; x_wconf 88' lang='lat' dir='ltr'>dicta</span> <span class='ocrx_word' id='word_1_159' title='bbox 1658 2442 1819 2504; x_wconf 90' lang='lat' dir='ltr'>sunt,</span> <span class='ocrx_word' id='word_1_160' title='bbox 1859 2434 2002 2494; x_wconf 87' lang='lat' dir='ltr'>satis</span> <span class='ocrx_word' id='word_1_161' title='bbox 2041 2455 2142 2512; x_wconf 85' lang='lat' dir='ltr'>ap-</span> 
     </span>
     <span class='ocr_line' id='line_1_23' title="bbox 341 2531 2144 2615; baseline -0.001 -23"><span class='ocrx_word' id='word_1_162' title='bbox 341 2541 533 2611; x_wconf 77' lang='lat' dir='ltr'>paret,</span> <span class='ocrx_word' id='word_1_163' title='bbox 586 2531 787 2615; x_wconf 81' lang='grc' dir='ltr'><strong><em>μοιρᾶς</em></strong></span> <span class='ocrx_word' id='word_1_164' title='bbox 833 2534 967 2593; x_wconf 82' lang='lat' dir='ltr'>illas</span> <span class='ocrx_word' id='word_1_165' title='bbox 1013 2533 1388 2615; x_wconf 80' lang='grc' dir='ltr'>τριμόρφους,</span> <span class='ocrx_word' id='word_1_166' title='bbox 1439 2536 1716 2603; x_wconf 78' lang='grc' dir='ltr'>μνήμονας</span> <span class='ocrx_word' id='word_1_167' title='bbox 1766 2534 1818 2593; x_wconf 82' lang='grc' dir='ltr'>τ’</span> <span class='ocrx_word' id='word_1_168' title='bbox 1867 2533 2144 2615; x_wconf 82' lang='grc' dir='ltr'>Ἐρινύας,</span> 
     </span>
     <span class='ocr_line' id='line_1_24' title="bbox 341 2633 2144 2712; baseline -0.001 -21"><span class='ocrx_word' id='word_1_169' title='bbox 341 2653 465 2691; x_wconf 94' lang='lat' dir='ltr'>non</span> <span class='ocrx_word' id='word_1_170' title='bbox 501 2653 667 2693; x_wconf 86' lang='lat' dir='ltr'>coeca</span> <span class='ocrx_word' id='word_1_171' title='bbox 701 2635 1065 2693; x_wconf 88' lang='lat' dir='ltr'>necessitate</span> <span class='ocrx_word' id='word_1_172' title='bbox 1096 2634 1213 2712; x_wconf 90' lang='lat' dir='ltr'>agi,</span> <span class='ocrx_word' id='word_1_173' title='bbox 1246 2635 1351 2692; x_wconf 89' lang='lat' dir='ltr'>sed</span> <span class='ocrx_word' id='word_1_174' title='bbox 1385 2653 1514 2692; x_wconf 89' lang='lat' dir='ltr'>rem</span> <span class='ocrx_word' id='word_1_175' title='bbox 1555 2652 1765 2712; x_wconf 87' lang='lat' dir='ltr'>gerere</span> <span class='ocrx_word' id='word_1_176' title='bbox 1805 2633 2144 2710; x_wconf 76' lang='lat' dir='ltr'>aequissimo</span> 
     </span>
     <span class='ocr_line' id='line_1_25' title="bbox 342 2732 2144 2813; baseline -0.001 -22"><span class='ocrx_word' id='word_1_177' title='bbox 342 2734 591 2793; x_wconf 88' lang='lat' dir='ltr'>rationis</span> <span class='ocrx_word' id='word_1_178' title='bbox 639 2735 890 2812; x_wconf 90' lang='lat' dir='ltr'>judicio.</span> <span class='ocrx_word' id='word_1_179' title='bbox 1011 2734 1175 2805; x_wconf 83' lang='lat' dir='ltr'>Quid</span> <span class='ocrx_word' id='word_1_180' title='bbox 1233 2733 1466 2813; x_wconf 74' lang='lat' dir='ltr'>igitur‘.l</span> <span class='ocrx_word' id='word_1_181' title='bbox 1542 2733 1820 2791; x_wconf 87' lang='lat' dir='ltr'>universo</span> <span class='ocrx_word' id='word_1_182' title='bbox 1879 2732 2144 2791; x_wconf 90' lang='lat' dir='ltr'>carmine</span> 
     </span>
     <span class='ocr_line' id='line_1_26' title="bbox 342 2832 2143 2912; baseline -0.001 -22"><span class='ocrx_word' id='word_1_183' title='bbox 342 2832 559 2892; x_wconf 88' lang='lat' dir='ltr'>diffusa</span> <span class='ocrx_word' id='word_1_184' title='bbox 587 2833 693 2895; x_wconf 91' lang='lat' dir='ltr'>illa</span> <span class='ocrx_word' id='word_1_185' title='bbox 723 2834 799 2892; x_wconf 92' lang='lat' dir='ltr'>de</span> <span class='ocrx_word' id='word_1_186' title='bbox 839 2834 1197 2893; x_wconf 90' lang='lat' dir='ltr'>mortalibus</span> <span class='ocrx_word' id='word_1_187' title='bbox 1232 2834 1409 2912; x_wconf 88' lang='lat' dir='ltr'>aegris</span> <span class='ocrx_word' id='word_1_188' title='bbox 1439 2833 1702 2904; x_wconf 82' lang='lat' dir='ltr'>tristitia,</span> <span class='ocrx_word' id='word_1_189' title='bbox 1734 2852 1865 2909; x_wconf 86' lang='lat' dir='ltr'>quae</span> <span class='ocrx_word' id='word_1_190' title='bbox 1894 2832 2143 2891; x_wconf 88' lang='lat' dir='ltr'>tandem</span> 
     </span>
     <span class='ocr_line' id='line_1_27' title="bbox 344 2931 2143 3010; baseline -0.001 -19"><span class='ocrx_word' id='word_1_191' title='bbox 344 2932 657 3010; x_wconf 85' lang='lat' dir='ltr'>qualisque</span> <span class='ocrx_word' id='word_1_192' title='bbox 704 2933 912 2999; x_wconf 88' lang='lat' dir='ltr'>haberi</span> <span class='ocrx_word' id='word_1_193' title='bbox 961 2934 1187 2993; x_wconf 71' lang='lat' dir='ltr'>debet?</span> <span class='ocrx_word' id='word_1_194' title='bbox 1295 2932 1580 3001; x_wconf 86' lang='lat' dir='ltr'>Omnin0‚</span> <span class='ocrx_word' id='word_1_195' title='bbox 1633 2932 1696 2990; x_wconf 92' lang='lat' dir='ltr'>ni</span> <span class='ocrx_word' id='word_1_196' title='bbox 1743 2931 1934 3001; x_wconf 90' lang='lat' dir='ltr'>fallor,</span> <span class='ocrx_word' id='word_1_197' title='bbox 1985 2931 2143 2990; x_wconf 86' lang='lat' dir='ltr'>hanc</span> 
     </span>
     <span class='ocr_line' id='line_1_28' title="bbox 343 3031 2146 3111; baseline -0.001 -21"><span class='ocrx_word' id='word_1_198' title='bbox 343 3033 467 3090; x_wconf 89' lang='lat' dir='ltr'>vim</span> <span class='ocrx_word' id='word_1_199' title='bbox 490 3032 677 3091; x_wconf 89' lang='lat' dir='ltr'>habet</span> <span class='ocrx_word' id='word_1_200' title='bbox 697 3052 712 3103; x_wconf 83' lang='lat'><em>3</em></span> <span class='ocrx_word' id='word_1_201' title='bbox 757 3039 828 3091; x_wconf 91' lang='lat' dir='ltr'>ut</span> <span class='ocrx_word' id='word_1_202' title='bbox 859 3034 1359 3111; x_wconf 76' lang='lat' dir='ltr'>exprimat&#39;nobis</span> <span class='ocrx_word' id='word_1_203' title='bbox 1382 3034 1652 3092; x_wconf 91' lang='lat' dir='ltr'>animum</span> <span class='ocrx_word' id='word_1_204' title='bbox 1675 3052 1797 3091; x_wconf 95' lang='lat' dir='ltr'>non</span> <span class='ocrx_word' id='word_1_205' title='bbox 1821 3033 1897 3091; x_wconf 91' lang='lat' dir='ltr'>de</span> <span class='ocrx_word' id='word_1_206' title='bbox 1922 3031 2146 3089; x_wconf 92' lang='lat' dir='ltr'>Numi-</span> 
     </span>
     <span class='ocr_line' id='line_1_29' title="bbox 344 3132 2141 3209; baseline -0.001 -20"><span class='ocrx_word' id='word_1_207' title='bbox 344 3132 437 3190; x_wconf 90' lang='lat' dir='ltr'>nis</span> <span class='ocrx_word' id='word_1_208' title='bbox 465 3132 720 3209; x_wconf 90' lang='lat' dir='ltr'>imperio</span> <span class='ocrx_word' id='word_1_209' title='bbox 750 3133 1071 3201; x_wconf 88' lang='lat' dir='ltr'>incertum,</span> <span class='ocrx_word' id='word_1_210' title='bbox 1095 3134 1200 3191; x_wconf 91' lang='lat' dir='ltr'>sed</span> <span class='ocrx_word' id='word_1_211' title='bbox 1230 3132 1498 3190; x_wconf 85' lang='lat' dir='ltr'>maxime</span> <span class='ocrx_word' id='word_1_212' title='bbox 1529 3139 1734 3190; x_wconf 86' lang='lat' dir='ltr'>tamen</span> <span class='ocrx_word' id='word_1_213' title='bbox 1765 3137 2141 3190; x_wconf 89' lang='lat' dir='ltr'>commotum</span> 
     </span>
     <span class='ocr_line' id='line_1_30' title="bbox 342 3229 2144 3309; baseline 0 -21"><span class='ocrx_word' id='word_1_214' title='bbox 342 3237 406 3288; x_wconf 90' lang='lat' dir='ltr'>et</span> <span class='ocrx_word' id='word_1_215' title='bbox 429 3231 787 3307; x_wconf 88' lang='lat' dir='ltr'>inquietum,</span> <span class='ocrx_word' id='word_1_216' title='bbox 812 3239 1059 3309; x_wconf 87' lang='lat' dir='ltr'>propter</span> <span class='ocrx_word' id='word_1_217' title='bbox 1081 3251 1154 3289; x_wconf 92' lang='lat' dir='ltr'>ea</span> <span class='ocrx_word' id='word_1_218' title='bbox 1184 3251 1322 3309; x_wconf 88' lang='lat' dir='ltr'>quae</span> <span class='ocrx_word' id='word_1_219' title='bbox 1346 3250 1472 3308; x_wconf 84' lang='lat' dir='ltr'>prae</span> <span class='ocrx_word' id='word_1_220' title='bbox 1496 3250 1560 3289; x_wconf 93' lang='lat' dir='ltr'>se</span> <span class='ocrx_word' id='word_1_221' title='bbox 1590 3230 1794 3288; x_wconf 89' lang='lat' dir='ltr'>ferunt</span> <span class='ocrx_word' id='word_1_222' title='bbox 1818 3230 1959 3288; x_wconf 85' lang='lat' dir='ltr'>dirae</span> <span class='ocrx_word' id='word_1_223' title='bbox 1981 3229 2144 3288; x_wconf 91' lang='lat' dir='ltr'>illius</span> 
     </span>
     <span class='ocr_line' id='line_1_31' title="bbox 344 3329 2141 3408; baseline 0 -21"><span class='ocrx_word' id='word_1_224' title='bbox 344 3331 722 3389; x_wconf 88' lang='lat' dir='ltr'>necessitatis</span> <span class='ocrx_word' id='word_1_225' title='bbox 745 3331 1205 3390; x_wconf 90' lang='lat' dir='ltr'>similitudinem</span> <span class='ocrx_word' id='word_1_226' title='bbox 1229 3337 1292 3389; x_wconf 87' lang='lat' dir='ltr'>et</span> <span class='ocrx_word' id='word_1_227' title='bbox 1316 3331 1602 3408; x_wconf 90' lang='lat' dir='ltr'>speciem.</span> <span class='ocrx_word' id='word_1_228' title='bbox 1673 3329 1883 3390; x_wconf 90' lang='lat' dir='ltr'>Verbo</span> <span class='ocrx_word' id='word_1_229' title='bbox 1908 3330 2102 3388; x_wconf 90' lang='lat' dir='ltr'>dicam</span> <span class='ocrx_word' id='word_1_230' title='bbox 2125 3349 2141 3399; x_wconf 91' lang='lat'>;</span> 
     </span>
     <span class='ocr_line' id='line_1_32' title="bbox 343 3428 2140 3508; baseline 0 -23"><span class='ocrx_word' id='word_1_231' title='bbox 343 3430 641 3487; x_wconf 91' lang='lat' dir='ltr'>mundum</span> <span class='ocrx_word' id='word_1_232' title='bbox 687 3449 818 3490; x_wconf 90' lang='lat' dir='ltr'>esse</span> <span class='ocrx_word' id='word_1_233' title='bbox 861 3430 1121 3489; x_wconf 91' lang='lat' dir='ltr'>liberum</span> <span class='ocrx_word' id='word_1_234' title='bbox 1174 3436 1504 3508; x_wconf 89' lang='lat' dir='ltr'>auguratus</span> <span class='ocrx_word' id='word_1_235' title='bbox 1556 3436 1649 3487; x_wconf 86' lang='lat' dir='ltr'>est</span> <span class='ocrx_word' id='word_1_236' title='bbox 1695 3428 2140 3506; x_wconf 89' lang='lat' dir='ltr'>quodammodo</span> 
     </span>
     <span class='ocr_line' id='line_1_33' title="bbox 347 3528 2157 3609; baseline -0.002 -21"><span class='ocrx_word' id='word_1_237' title='bbox 347 3529 683 3609; x_wconf 82' lang='lat' dir='ltr'>AEschyluS‚</span> <span class='ocrx_word' id='word_1_238' title='bbox 721 3531 825 3589; x_wconf 92' lang='lat' dir='ltr'>sed</span> <span class='ocrx_word' id='word_1_239' title='bbox 868 3550 941 3589; x_wconf 92' lang='lat' dir='ltr'>eo</span> <span class='ocrx_word' id='word_1_240' title='bbox 981 3531 1378 3607; x_wconf 89' lang='lat' dir='ltr'>torquebatur</span> <span class='ocrx_word' id='word_1_241' title='bbox 1413 3536 1476 3588; x_wconf 90' lang='lat' dir='ltr'>et</span> <span class='ocrx_word' id='word_1_242' title='bbox 1519 3528 1829 3597; x_wconf 86' lang='lat' dir='ltr'>aestuabat,</span> <span class='ocrx_word' id='word_1_243' title='bbox 1869 3529 2028 3604; x_wconf 91' lang='lat' dir='ltr'>quod</span> <span class='ocrx_word' id='word_1_244' title='bbox 2077 3529 2157 3597; x_wconf 85' lang='lat' dir='ltr'>in,</span> 
     </span>
    </p>
   </div>
   <div class='ocr_carea' id='block_1_4' title="bbox 970 3662 1514 3720">
    <p class='ocr_par' dir='ltr' id='par_1_5' title="bbox 970 3662 1514 3720">
     <span class='ocr_line' id='line_1_34' title="bbox 970 3662 1514 3720; baseline 0 -15"><span class='ocrx_word' id='word_1_245' title='bbox 970 3669 989 3692; x_wconf 84' lang='lat'>¹·</span> <span class='ocrx_word' id='word_1_246' title='bbox 1022 3662 1224 3719; x_wconf 75' lang='lat' dir='ltr'>Analoyy</span> <span class='ocrx_word' id='word_1_247' title='bbox 1263 3675 1308 3720; x_wconf 87' lang='lat' dir='ltr'>p.</span> <span class='ocrx_word' id='word_1_248' title='bbox 1333 3675 1371 3705; x_wconf 87' lang='lat'>1.</span> <span class='ocrx_word' id='word_1_249' title='bbox 1396 3675 1435 3705; x_wconf 88' lang='lat' dir='ltr'>c.</span> <span class='ocrx_word' id='word_1_250' title='bbox 1454 3662 1514 3707; x_wconf 89' lang='lat' dir='ltr'>vi.</span> 
     </span>
    </p>
   </div>
  </div>
 </body>
</html>
