2320 4126
0 3365 12 3425 {f

0 3566 19 3633 ξ,

0 3634 14 3707 Ξ

0 3991 5 4019 u<
0 3803 11 3952 γονήν-γε).
11 3782 15 3786 “
7 3759 14 3763 :

258 205 772 274 PRAEL.xv111.partim
781 206 1091 269 Parcarum,
1100 206 1299 275 purtim
1307 207 1654 259 Eumenidum
1668 208 1887 262 uumiue.
1904 210 1969 262 31
1978 211 2012 264 ’7

256 348 503 407 Justitia
543 346 752 424 saepius
803 350 1064 406 cernitur
1109 350 1170 406 in
1211 350 1404 407 noxiis
1450 349 1781 425 puniendis,
1832 371 2011 426 quam

255 445 318 501 in
374 464 438 502 re
494 445 783 502 bonorum
837 445 993 502 bene
1044 464 1113 502 ac
1171 445 1426 503 feliciter
1480 447 1725 523 agenda.
1828 445 2012 522 Apud

255 548 523 598 nostrum
575 547 736 598 certe
793 540 905 598 hac
947 541 1210 598 maxime
1259 542 1645 619 praerogativa
1684 542 1786 617 jus
1838 561 2012 598 suum

255 638 541 694 contineri
570 637 757 704 aiunt,
794 635 1156 693 nobilissimo
1187 637 1461 706 carmine,
1503 638 1824 715 fugitivum
1865 636 2013 695 Ore-

256 738 409 788 stem
440 728 860 808 insequentesl.

654 849 768 909 Ἀγε
789 851 840 908 δὴ
862 851 931 895 καὶ
950 852 1086 910 χορὸν
1106 852 1304 910 ἅψωμεν,
1326 853 1419 897 ἐπεὶ

665 926 835 980 μοῦσαν
856 925 1071 982 στυγερὰν

665 991 991 1054 ἀποφαίνεσθαι
1012 995 1229 1051 δεδόκηκε,

664 1061 792 1122 λέξαι
812 1080 860 1110 τε
878 1065 994 1124 λάχη
1016 1065 1069 1110 τὰ
1091 1061 1178 1110 κατ’
1199 1066 1451 1124 ἀνθρώπους

665 1139 724 1184 ὡς
745 1138 932 1195 ἐπινωμᾶ
954 1139 1113 1184 στάσις
1132 1139 1234 1194 ἅμα,

666 1206 882 1254 εὗθῦδικαι
902 1209 941 1254 θ’
962 1209 1134 1267 ἡδόμεθ’
1159 1208 1280 1255 εἶναι.

662 1282 738 1325 τὸν
756 1281 834 1338 μὲν
854 1281 1042 1339 καθάρας
1061 1284 1209 1340 χεῖρας
1227 1282 1477 1339 προνέμοντ’

664 1356 779 1399 οὔτις
799 1352 981 1412 ἐφέρπει
1001 1355 1122 1410 μῆνις
1142 1352 1221 1412 ἀφ’
1243 1353 1376 1411 ἡμῶν,

663 1423 816 1481 ἅσίνης
836 1423 872 1469 δ’
894 1425 1026 1469 αἷῶνα
1047 1425 1240 1484 διοιχνεῖ·

664 1495 789 1542 ὅστις
808 1495 845 1541 δ’
866 1496 1039 1549 ἁλιτῶν,
1062 1498 1211 1555 ὥσπερ
1233 1496 1294 1541 ὁδ’
1317 1496 1423 1555 ἀνὴρ

664 1572 812 1628 χεῖρας
831 1569 988 1627 φονίας
1009 1565 1271 1627 ε’πικρῦπτει,

665 1639 1024 1698 μάρτυρες·ὅρθαι
1045 1643 1163 1686 τοῖσι
1186 1641 1391 1686 θανοῦσιν

665 1713 1012 1770 παραγινόμεναι,
1031 1713 1271 1770 πράκτορες
1290 1712 1468 1770 αἵματος

667 1784 780 1843 αὐτῷ
801 1784 961 1830 τελέως
981 1784 1216 1843 ἐφάνημεν.

257 1879 339 1953 Et
367 1885 501 1955 post
530 1878 724 1955 paulu,

665 1974 793 2017 τοῦτο
813 1972 898 2031 γὰρ
918 1972 1056 2030 λάχος
1077 1973 1270 2017 διανταία

665 2043 779 2103 μοῖρ’
802 2045 1050 2089 ἐπέκλωσεν
1070 2045 1263 2102 ἐμπέδως

666 2117 795 2174 ἔχειν,
817 2116 1000 2161 θανάτου
1020 2119 1161 2161 τοῖσιν
1181 2116 1431 2175 αὐτουργίαι

666 2188 952 2246 ξυμπέσωσιν
971 2187 1164 2246 μάταιοι,

666 2263 758 2306 τοῖς
777 2263 993 2319 ὁμαρτεῖν,
1015 2260 1118 2320 ὄφρ’
1141 2261 1194 2306 ἂν

666 2335 749 2393 γᾶν
767 2329 952 2391 ὑπέλθῃ·
985 2330 1124 2379 θανὼν
1143 2328 1180 2379 δ’

667 2407 744 2451 οὐκ
764 2405 873 2465 ἄγαν
893 2405 1133 2465 ἐλεύθερος.

343 2501 574 2561 Verum
611 2500 930 2569 enimverO,
960 2501 1065 2576 quiv
1100 2501 1186 2558 ita
1224 2506 1532 2558 cantantes
1567 2499 1825 2571 induxit,
1869 2501 1918 2558 is
1949 2508 2011 2558 et

257 2598 483 2656 solenni
512 2596 690 2653 titulo
727 2594 1088 2654 Eumenidas
1117 2597 1425 2654 consuevit
1453 2597 1768 2673 appellare,
1799 2604 1862 2654 et
1901 2598 2010 2655 sub

258 2695 523 2770 ejusdem
557 2692 774 2751 fabulae
808 2693 926 2750 fine
961 2711 1081 2750 non
1116 2693 1351 2751 dubitat
1387 2694 1515 2751 istis
1545 2694 1710 2769 quasi
1748 2694 2011 2770 patronis

256 2793 517 2850 tribuere
574 2791 767 2848 fausta
823 2806 892 2848 ac
949 2790 1145 2848 felicia
1202 2791 1418 2859 omnia,
1477 2791 1691 2867 quibus
1757 2791 2010 2868 patriam

257 2891 523 2967 impense
553 2894 793 2947 ornatm.

669 3003 796 3046 ὁποῖα
815 3000 931 3058 νίκης
949 3001 1006 3059 μὴ
1028 3002 1156 3059 κακῆς
1176 3001 1406 3054 ἐπίσκοπα,

670 3074 739 3118 καὶ
759 3077 893 3119 ταῦτα
910 3074 1056 3133 γῆθεν,
1074 3071 1125 3119 ἔκ
1145 3093 1193 3118 τε
1214 3075 1387 3121 ποντίας
1406 3075 1585 3133 δρόσου,

670 3145 719 3203 ἐξ
738 3146 920 3203 οὐρανοῦ
940 3165 1001 3198 τε,
1024 3145 1213 3203 κᾷνέμων
1231 3145 1399 3203 ἀήματα

670 3218 844 3264 εὐελίως
862 3217 1026 3263 πνέοντ’
1049 3218 1314 3275 ἐπιστείχειν
1332 3217 1482 3276 χθόνα·

670 3291 833 3348 καρπόν
852 3309 899 3334 τε
918 3289 1043 3348 γαίας
1062 3290 1130 3333 καὶ
1149 3291 1322 3347 βροτῶν
1340 3286 1568 3346 ε’πίῤῥυτον
1590 3309 1597 3315 ·

670 3360 1138 3422 ἀστοῖσιν-ερθενοῦντα
1157 3361 1214 3418 μὴ
1233 3361 1403 3416 κάμνειν
1421 3361 1581 3420 χρόνῳ,

672 3431 740 3477 καὶ
757 3437 841 3477 τῶν
859 3433 1069 3490 βροτείων
1089 3432 1593 3490 σπερμάτων-σωτηρίαν.

613 3532 626 3556 ¹
659 3533 787 3577 Eum.
810 3543 913 3590 307.
1349 3539 1378 3557 ¹¹¹
1408 3531 1522 3576 Ibid.
1544 3531 1645 3589 906.
