2320 4126
159 263 312 296 Palm„
335 262 441 295 xvl.
539 242 781 294 commodo
805 260 875 294 an
899 240 1200 293 incommodo
1225 241 1541 309 Arci-sestam.
1798 243 1903 295 275

161 389 384 464 primus
425 394 486 443 et
530 386 687 447 solus
732 389 965 462 regnet.'
1044 383 1166 441 Ubi
1211 383 1392 458 probe
1432 383 1757 442 tenendum
1795 392 1902 449 est,

159 482 394 559 qualem
423 501 530 539 nos
564 481 898 557 intelligere
934 480 1190 538 solemus
1220 498 1417 536 veram
1459 487 1520 536 et
1563 489 1905 555 germanam

161 580 390 636 Poesin.
477 578 718 636 Scilicet
761 577 934 652 hujus
974 578 1227 634 nominis
1271 576 1555 633 honorem
1592 576 1907 634 tribuimus

160 677 243 734 eis
285 683 519 733 tantum
563 675 958 750 scriptoribus,
1011 675 1112 749 qui
1155 675 1442 730 instinctu
1486 673 1741 748 quodam
1785 673 1910 730 ani-

159 790 390 828 morum
420 771 584 846 quasi
616 771 911 827 ferventes
940 776 1199 846 aguntur
1227 771 1288 826 in
1319 770 1613 838 carmina3
1657 771 1758 844 qui
1799 769 1906 827 sibi

160 867 593 943 quodammodo
651 867 917 941 requiem
976 873 1039 922 et
1101 867 1359 941 spatium
1417 873 1703 941 quaerunt.
1821 865 1911 922 Eo

160 965 360 1039 itaque
390 964 544 1020 redit
573 982 608 1020 a
636 963 805 1020 nobis
844 963 1142 1038 proposita
1171 963 1439 1038 quaestiO,
1472 970 1543 1019 ut
1582 963 1914 1038 disceptan-

161 1061 304 1118 dum
347 1060 440 1128 sit,
478 1067 755 1117 utrumne
798 1059 1083 1126 homines,
1124 1061 1447 1135 praesertim
1489 1059 1911 1124 adolescenteS‚

161 1156 337 1232 pleno
377 1175 445 1214 ac
475 1157 729 1214 ferventi
769 1157 1023 1233 ingeni0‚
1054 1156 1284 1214 facilius
1313 1157 1650 1232 prorupturi
1692 1156 1809 1213 sint
1852 1155 1915 1211 in

161 1253 441 1323 carmina,
491 1259 737 1310 extante
794 1253 855 1308 in
913 1253 1184 1310 manibus
1242 1253 1441 1309 divino
1500 1254 1755 1327 quodam
1813 1271 1916 1309 ex—

162 1349 438 1425 emplare.

167 1497 170 1500 .
245 1444 462 1503 Afferri
506 1453 785 1522 poterunt
829 1447 1084 1504 rationes
1128 1466 1268 1504 sane
1311 1446 1661 1522 probabileS‚
1705 1465 1811 1503 cur
1855 1447 1915 1503 id

161 1544 495 1620 negandum
519 1562 645 1601 esse
664 1543 949 1601 videatur.
1005 1542 1220 1610 Primo,
1246 1545 1500 1601 occurrit
1531 1545 1915 1602 decantatum

162 1639 306 1697 illud
316 1647 364 1708 8,

386 1781 442 1827 'A
461 1785 600 1842 μάκαρ
622 1783 744 1830 ὅστις
764 1785 850 1840 ἕην,
873 1786 1009 1828 κεῖνον
1028 1787 1188 1843 χρόνον
1206 1783 1317 1843 ἴδρις
1337 1785 1508 1836 ἀοιδῶν,

393 1856 597 1911 μουσάων
617 1856 827 1914 θεράπων,
848 1854 909 1899 ὅτ’
932 1855 1154 1913 ἀκείρατος
1173 1855 1225 1912 ἦν
1244 1857 1307 1901 ἔτι
1326 1857 1499 1914 λείμων·

396 1930 470 1972 νῦν
491 1927 527 1972 δ’
549 1927 621 1972 ὅτε
641 1929 779 1973 πάντα
800 1928 1020 1981 δέδασται,
1043 1929 1197 1987 ἔχουσι
1217 1930 1265 1973 δὲ
1284 1930 1466 1987 πείρατα
1486 1929 1645 1988 τέχναι,

395 1998 566 2060 ὕστερῳ
587 1999 687 2045 αὖτε
707 2001 852 2061 δρόμῳ
874 2001 1215 2059 καταλειπόμεθζ
1239 2002 1341 2046 οὐδέ
1360 2020 1401 2046 τι
1422 2001 1462 2060 γ’
1487 2002 1611 2047 ἕσται

394 2072 528 2128 πάντη
549 2073 838 2117 παπταίνοντα
859 2074 1052 2132 νεοζυγές
1071 2073 1184 2131 ἅρμα
1203 2074 1441 2119 πελάσσαι.

164 2229 397 2293 Multos
440 2232 564 2289 fore
611 2233 941 2308 putandum
986 2240 1078 2290 est
1129 2233 1290 2290 omni
1334 2232 1465 2290 loco
1516 2252 1585 2290 ac
1629 2239 1916 2308 tempore,

164 2328 265 2402 qui
305 2335 618 2404 postquam
663 2330 922 2387 earmina
950 2330 1174 2407 fingere
1217 2331 1523 2406 coeperint,
1553 2331 1690 2388 visis
1734 2330 1918 2388 semel

163 2442 512 2500 magnorum
564 2426 822 2483 virorum
879 2426 1158 2502 reliquiis,
1206 2427 1301 2484 vel
1360 2435 1563 2484 actum
1623 2445 1685 2484 se
1742 2446 1917 2504 agere

162 2518 515 2598 intelligent,
560 2522 654 2578 vel
694 2530 854 2580 certe
901 2542 1141 2598 operam
1191 2530 1253 2579 et
1313 2522 1512 2580 oleum
1563 2524 1915 2599 perdituros·

165 2612 299 2671 Hac
355 2616 598 2684 ratione,
656 2625 897 2693 propter
963 2637 1150 2675 unum
1211 2618 1545 2675 Homerum
1615 2619 1919 2694 pauciores

165 2709 386 2768 fuerint
415 2714 569 2788 apud
602 2713 840 2770 Graecos
872 2713 1089 2771 Poetae.

250 2806 499 2876 Deinde,
531 2811 686 2885 quod
719 2810 981 2867 omnium
1017 2811 1512 2876 molestissimum,
1546 2813 1921 2870 deterrentur

166 2900 410 2963 fortasse
440 2906 669 2964 facilius
705 2907 991 2984 ingeniosi
1023 2908 1151 2978 viri,
1181 2928 1358 2984 quam
1398 2909 1646 2967 hebetes
1685 2928 1921 2985 prorsus

167 3006 229 3057 et
258 3000 462 3077 inepti.
530 3002 716 3060 Prout
746 3003 903 3060 enim
933 3005 1179 3080 quisque
1209 3007 1447 3063 auribus
1476 3007 1706 3064 acutius
1736 3007 1920 3073 audit,

167 3116 238 3153 eo
260 3097 609 3174 plerumque
627 3101 841 3176 aegrius
871 3101 943 3158 ad
968 3103 1299 3159 canendum
1329 3104 1648 3169 inducitur,
1675 3093 1923 3178 experta

167 3193 350 3251 semel
379 3196 440 3251 in
481 3202 719 3252 cantore
748 3196 943 3272 aliquo
974 3199 1192 3255 eximio
1223 3200 1383 3256 suavi
1425 3199 1742 3256 illavocum
1774 3200 1924 3256 vari-

168 3290 347 3347 etate.
436 3291 637 3349 Rudes
665 3311 733 3349 ac
762 3293 960 3351 stolidi
990 3294 1164 3352 facile
1195 3296 1304 3352 sibi
1335 3295 1590 3371 placent.

251 3383 458 3461 Atque
487 3387 631 3444 illud
663 3389 901 3462 quidem
925 3409 1131 3448 vereor
1160 3398 1228 3447 ut
1257 3392 1508 3449 audeam
1539 3412 1770 3469 negare,
1793 3394 1923 3451 ubi-

571 3583 595 3613 ἔ
617 3576 839 3622 Choerilus
862 3595 930 3637 ap.
955 3580 1140 3624 Aristot.
1165 3581 1292 3624 Rhet.
1317 3596 1359 3639 3.
1388 3597 1454 3636 14.
1485 3598 1521 3627 1.

1005 3671 1041 3709 T
1079 3674 1112 3710 2
