2320 4126
0 2324 25 2606 ηαςρπψφυᾼυε-τεκν
2 2258 18 2314 zv:-
8 2235 10 2238 ψ
8 2203 18 2219 ;ᾼ
12 2171 14 2174 -
6 2049 15 2087 -

227 259 383 295 PRAEL.
400 255 509 293 x1x.
550 239 796 310 Auyuria
819 239 1056 309 quoedwm
1080 238 1141 291 de
1161 239 1449 292 Promethei
1469 241 1634 294 Soluti
1660 250 1836 295 tenore.
1875 243 1983 295 335

228 385 362 443 silii.
473 384 713 460 Nempe
750 391 877 441 erat
919 382 1234 459 aliquando
1279 382 1545 440 dicturus
1590 382 1983 442 Prometheus

229 483 304 539 de
339 482 558 557 nuptiis
595 481 710 538 illis
745 480 1085 557 periculosis
1123 481 1381 556 supremi
1417 479 1457 537 J
1460 481 1622 549 ovis3
1666 500 1786 537 non
1822 482 1984 557 prius

227 587 448 646 tamen,
479 597 655 653 quam
689 577 966 635 Herculis
996 597 1107 654 ope
1141 578 1320 634 fuerit
1354 577 1480 653 ipse
1509 584 1636 634 tum
1671 597 1705 634 a
1735 578 1986 635 vulturis

227 694 442 742 morsa,
502 681 632 731 tum
689 693 725 731 a
782 674 908 732 diro
967 682 1030 732 et
1080 674 1389 750 scopuloso
1446 694 1678 732 earcere
1736 674 1980 732 solutus,

229 768 513 827 Herculei
551 775 753 826 autem
790 768 995 826 auxilii
1039 769 1207 838 ratio,
1249 777 1537 845 quantum
1574 771 1815 846 quidem
1851 790 1981 828 eam

227 866 498 943 augurari
556 864 698 921 lieet
757 864 852 922 vel
910 883 987 922 ex
1053 865 1234 941 ipsius
1292 866 1554 944 AEsehyli
1613 867 1983 944 fragmentiS‚

227 964 322 1021 vel
381 983 456 1020 ex
515 961 809 1038 ambiguis
858 963 1119 1038 rarisque
1177 962 1427 1021 aliorum
1474 965 1732 1031 vocibus,
1792 966 1852 1021 in
1913 984 1986 1021 eo

225 1060 415 1117 omnis
466 1065 592 1115 erat
651 1059 859 1134 posita,
910 1065 979 1115 ut
1025 1060 1278 1134 primum
1330 1059 1622 1119 Hercules
1674 1062 1799 1137 ipse
1849 1081 1985 1137 eap-

223 1156 520 1214 tivitatem
578 1155 888 1231 quandam,
948 1156 1161 1214 deinde
1220 1156 1459 1226 Chiron,
1519 1157 1797 1215 Herculis
1850 1158 1982 1214 vul-

226 1271 366 1310 nere
425 1253 699 1320 domitUS,
758 1260 968 1327 sponte
1027 1253 1253 1310 subiret
1304 1261 1581 1324 mortem,
1636 1254 1980 1312 Promethei

225 1366 401 1407 eausa
418 1346 461 1406 ι’.
549 1349 644 1406 Ex
689 1368 806 1424 quo
848 1349 1118 1419 efficitur,
1158 1369 1277 1406 non
1313 1351 1439 1408 sine
1480 1352 1693 1408 vicaria
1728 1352 1982 1426 quadam

225 1466 294 1504 ae
355 1446 687 1504 voluntaria
739 1446 1031 1503 malorum
1090 1447 1406 1504 tolerantia
1466 1448 1765 1506 conciliari
1829 1450 1986 1505 inter

225 1562 304 1610 se,
353 1544 532 1618 juxta
581 1542 946 1619 AEsehylum‚
999 1543 1344 1601 dissidentia
1394 1551 1635 1620 propter
1677 1544 1982 1602 hominem

225 1638 586 1715 Superorum
651 1640 885 1708 studia3
955 1639 1256 1698 Herculea
1327 1641 1551 1700 seilicet
1607 1643 1682 1710 vi,
1740 1642 1981 1711 virtute,

229 1735 674 1794 benevolentia:
741 1737 827 1794 ita
875 1737 1116 1794 tandem
1167 1738 1447 1806 evenisse,
1494 1746 1563 1795 ut
1602 1738 1817 1796 Jovem
1863 1758 1979 1795 non

226 1831 566 1889 Maximum
640 1834 818 1890 modo
876 1852 1078 1891 verum
1144 1835 1326 1891 etiam
1401 1833 1714 1910 Optimum
1789 1834 1984 1892 colere

223 1937 462 2005 possent
492 1928 792 1988 mortales,
1715 1993 1718 1996 ,

308 2025 603 2095 Diximus,
661 2034 730 2084 ut
785 2027 847 2083 in
906 2027 1317 2085 obscurissima
1358 2044 1438 2095 re,
1488 2029 1562 2085 de
1608 2027 1982 2088 Prometheae

223 2123 436 2181 fabulae
468 2125 655 2181 exitu.
768 2124 888 2181 Sed
926 2124 1140 2181 melius
1180 2131 1307 2181 erat
1347 2125 1701 2200 conjecturis
1737 2127 1981 2184 tandem

222 2221 617 2296 supersedere,
658 2227 720 2277 et
761 2240 835 2278 ex
878 2218 1334 2296 Agamemnone
1382 2220 1745 2296 Scriptorem
1788 2223 1979 2297 ipsum

222 2318 602 2394 interrogare,
633 2335 888 2393 quanam
923 2319 974 2375 is
1002 2324 1206 2375 mente
1241 2317 1440 2386 fuerit,
1480 2318 1675 2375 senior
1698 2318 1827 2393 jam
1864 2319 1984 2374 fac-

222 2422 335 2481 tuS,
383 2415 478 2472 vel
528 2415 588 2471 in
633 2415 1011 2472 vexatissima
1061 2415 1135 2471 de
1189 2414 1338 2471 Fato
1383 2415 1728 2489 quaestione,
1774 2414 1868 2471 vel
1919 2415 1982 2470 in

220 2513 291 2570 iis
320 2531 449 2587 quae
476 2513 775 2588 pertinent
797 2512 871 2568 ad
901 2510 1215 2587 religiones
1248 2509 1531 2567 Deorum.
1618 2509 1713 2567 Ae
1734 2510 1808 2567 de
1831 2510 1982 2567 Fato

222 2609 461 2683 quidem
505 2609 644 2666 satis
688 2626 977 2684 superque
1019 2608 1146 2683 jam
1188 2614 1327 2664 ante
1374 2608 1601 2664 dietum
1645 2613 1778 2672 est;
1843 2627 1980 2665 eum

222 2712 284 2762 et
314 2704 777 2782 Clytaemnestra,
813 2704 1130 2762 mulierum
1170 2704 1493 2770 teterrima,
1531 2710 1741 2761 vocata
1774 2705 1835 2760 in
1861 2705 1979 2780 jus

221 2803 346 2878 ejus
397 2803 722 2878 potentiam
773 2809 1035 2869 excuset,
1085 2809 1146 2859 et
1205 2802 1494 2878 expressis
1553 2801 1747 2858 verbis
1797 2806 1979 2876 neget

222 2898 466 2967 ChoruS‚
513 2899 694 2956 levari
740 2918 910 2975 posse
969 2899 1084 2956 isto
1130 2899 1307 2955 modo
1355 2897 1590 2954 sceleris
1633 2897 1792 2954 ultro
1841 2916 1981 2953 con-

223 2996 379 3071 cepti
436 2995 743 3072 flagitium.
832 2994 1162 3053 Veniamus
1217 2994 1292 3051 ad
1342 2994 1420 3061 id,
1479 2994 1638 3069 quod
1697 2993 1758 3048 in
1819 2992 1979 3049 omni

222 3090 335 3148 hoe
391 3110 608 3168 genere
658 3098 836 3167 eaput
887 3099 979 3149 est
1038 3111 1106 3149 ae
1157 3090 1528 3167 principium.
1617 3089 1979 3158 Quaeramus,

222 3206 297 3244 an
367 3207 443 3244 ex
507 3188 767 3264 AEsehyli
833 3187 1131 3245 sententia
1196 3187 1432 3262 eulpam
1493 3204 1726 3260 semper
1787 3203 1978 3260 poena,

222 3284 504 3341 virtutem
571 3285 770 3343 favore
840 3291 1229 3361 prosequatur
1292 3283 1557 3339 divinum
1616 3301 1684 3339 ae
1745 3281 1978 3338 caeleste

279 3453 299 3479 b
330 3453 536 3511 Apollod.
553 3454 762 3498 Biblioth.
781 3454 844 3498 ῙῙ.
863 3465 906 3509 5,
928 3469 945 3498 Ι
958 3468 995 3506 1,
1015 3467 1083 3497 12.
1107 3452 1154 3499 ὃς
1175 3454 1243 3496 καὶ
1257 3453 1332 3496 τὸν
1346 3451 1579 3510 Προμηθέα
1600 3450 1793 3502 διέλυσε,
1815 3450 1979 3506 δεσμὸν

220 3527 422 3582 ἐλόμενος
448 3526 523 3569 τὸν
542 3527 617 3582 τῆς
637 3525 798 3578 ἐλαίας,
820 3527 889 3569 καὶ
915 3525 1111 3583 παρέσχε
1132 3528 1191 3584 τῷ
1216 3522 1288 3568 Διῒ
1312 3523 1504 3582 Χείρωνα
1538 3522 1739 3579 θνήσκειν
1765 3523 1977 3567 ἀθάνατον

221 3597 307 3642 ἀντ’
329 3599 459 3642 αὐτοῦ
480 3598 677 3642 θέλοντα.
