2320 4126
306 172 419 225 330
620 171 779 243 Spem
803 168 1103 224 Prometheo
1125 167 1391 223 obscuram
1413 167 1618 224 subesse.
1768 185 1927 221 PRAEL.
1954 187 2106 224 xvm.

310 320 535 396 pariter
574 338 644 377 ao
679 316 1032 376 Promethei
1067 334 1309 394 poenas:
1364 334 1511 392 quas
1542 333 1665 371 non
1707 313 1835 372 sine
1874 314 2110 391 gemitu

310 427 374 476 et
447 418 862 497 indignatione
934 423 1232 474 terrarum
1305 422 1489 491 atque
1562 411 1698 473 coeli
1771 411 2108 471 continuari

309 518 481 576 aiunt
495 527 541 575 g.

673 619 762 675 βοᾷ
786 616 834 661 δὲ
854 617 1033 662 πόντιος
1055 614 1230 661 κλύδων
1250 634 1372 674 συμ-

671 694 851 743 πιτνῶν,
873 688 1020 736 στένει
1039 689 1192 745 βυθὸς,
1215 689 1413 737 κελαινὸς
1436 688 1474 734 δ’

671 763 819 811 Ἀἷδος
839 762 1083 822 ὑποβρέμει
1101 764 1243 823 μυχὸς
1262 765 1359 822 γᾶς,

673 837 814 897 παγαί
834 836 872 882 θ’
893 835 1174 897 ἁγνορρύτων
1192 841 1401 896 ποταμῶν
1422 836 1533 883 στέ-

673 929 826 957 νουσιν
847 910 986 971 ἅλγος
1006 911 1194 971 οἶκτρόν.

400 1022 518 1082 His
570 1031 1047 1083 consentaneum
1100 1031 1247 1094 erat,
1307 1031 1379 1082 ut
1433 1018 1803 1093 Promethei,
1860 1023 1948 1098 (id
2001 1030 2111 1094 est,

310 1122 685 1203 mortalium)
733 1124 1057 1203 angoribus
1104 1143 1270 1183 coeca
1314 1123 1595 1202 quaedam
1640 1142 1776 1201 spes
1821 1124 2111 1194 subesset,

313 1230 639 1282 venturum
691 1223 1033 1301 aliquandO,
1087 1224 1190 1302 qui
1248 1224 1312 1282 in
1374 1223 1594 1283 melius
1638 1242 1768 1281 rem
1811 1223 2112 1281 mutabit:

310 1342 432 1380 non
493 1323 655 1381 enim
701 1323 924 1382 frustra
975 1323 1215 1382 futurus
1260 1331 1390 1382 erat
1449 1330 1656 1382 tantus
1708 1323 2113 1400 undequaque

311 1421 584 1479 omnium
625 1441 825 1480 rerum
863 1442 1204 1482 consensus.
1295 1422 1478 1482 Coeoa
1525 1442 1702 1500 porro
1746 1421 1851 1480 illa
1902 1421 2117 1480 obseu-

310 1540 496 1598 raque
548 1522 905 1580 somniantis
965 1521 1181 1580 solatia
1239 1521 1672 1590 cumulaverat,
1727 1521 1775 1579 si
1828 1519 2114 1599 AEsohylo

311 1618 476 1688 fides,
508 1620 843 1678 certissima
872 1622 1112 1679 venturi
1142 1620 1353 1679 auxilii
1385 1616 1733 1681 divinatioh.

673 1755 699 1814 ἧ
721 1756 807 1815 μὴν
829 1755 890 1802 ἔτ’
915 1757 1036 1816 ἐμοῦ,
1060 1758 1216 1818 καίπερ
1239 1761 1471 1818 κρατεραῖς

676 1831 723 1877 ἐν
742 1831 999 1891 γυιοπέδαις
1018 1832 1307 1892 αἷκιζομένου,

675 1908 835 1965 χρεῖαν
856 1905 945 1965 ἕξει
966 1908 1173 1966 μακάρων
1192 1906 1417 1967 πρύτανις,

680 1980 822 2037 δεῖξαι
843 1982 895 2026 τὸ
917 1981 1015 2026 νέον
1033 1980 1263 2041 βούλευμ’,
1289 1981 1367 2042 ὑφ’
1391 1982 1497 2028 ὅτου

678 2056 908 2114 σκῆπτρον
928 2054 1056 2113 τιμάς
1076 2055 1112 2099 τ’
1136 2055 1434 2102 ἀποσυλᾶται.

316 2156 491 2215 Idem
544 2158 732 2217 etiam
790 2159 1060 2238 alioquin
1118 2162 1365 2238 profert,
1419 2180 1497 2219 ne
1556 2161 1836 2221 concidat
1888 2160 2122 2219 Chorus

316 2256 504 2314 nimio
523 2255 575 2315 -J
578 2257 706 2316 ovis
734 2253 949 2317 metui.

683 2393 709 2452 ἦ
731 2395 820 2454 μὴν
841 2395 907 2441 ε’τὶ
929 2396 1050 2451 Ζεὺς,
1073 2397 1227 2457 καίπερ
1249 2396 1414 2456 αὐθάδη
1437 2399 1632 2458 φρονῶν,

680 2469 809 2514 ἔσται
830 2468 1046 2524 τάπεινος,
1069 2472 1192 2516 τοῖον
1213 2471 1469 2532 εξαρτυέται

681 2541 823 2602 γάμον
842 2546 1010 2604 γαμεῖν,
1034 2543 1082 2591 ὃς
1102 2545 1236 2591 αὐτὸν
1256 2565 1304 2590 εκ
1324 2546 1580 2605 τυραννίδος

683 2617 852 2676 θρόνων
871 2618 909 2664 τ’
935 2618 1092 2665 ἄϊστον
1113 2619 1296 2674 ἐκβαλεῖ
1298 2654 1438 2667 .....

682 2692 864 2738 τοίωνδε
883 2692 1066 2752 μόχθων
1087 2693 1302 2753 ε’κτροπὴν
1323 2694 1468 2741 οὐδεὶς
1488 2694 1615 2748 θεῶν,

692 2765 854 2812 δύναιτ’
877 2767 930 2813 ἂν
951 2768 1086 2830 αὐτῷ,
1106 2767 1225 2826 πλὴν
1247 2768 1370 2827 ε’μοῦ,
1393 2769 1534 2828 δεῖξαι
1555 2769 1730 2829 σαφῶς·

695 2842 783 2903 ἐγὼ
804 2841 895 2888 τάδ’
919 2840 1033 2898 οἶδα,
1053 2843 1098 2903 χ’
1121 2841 1158 2906 ᾧ
1178 2845 1346 2907 τρόπῳ.

409 2946 692 3024 Denique
738 2968 875 3026 spes
919 2969 992 3009 ea
1038 2950 1123 3009 sic
1167 2950 1565 3010 intertexitur
1615 2951 1907 3010 universae
1954 2950 2128 3027 quasi

322 3044 465 3104 telae
498 3045 823 3115 Dramatis,
855 3055 928 3106 ut
966 3049 1096 3108 sine
1137 3049 1278 3108 ullis
1307 3050 1664 3129 ambagibus
1704 3070 1812 3128 pro
1855 3049 2130 3109 confesso

321 3143 671 3203 habendum
702 3146 796 3216 sit,
827 3147 1099 3225 AEsohyli
1139 3148 1515 3227 religionem,
1549 3156 1849 3227 quantum
1879 3149 2129 3226 quidem

323 3263 359 3302 a
408 3243 778 3305 Prometheo
838 3247 1146 3319 diseimUS,
1197 3251 1262 3306 in
1321 3268 1394 3307 eo
1445 3250 1749 3327 praeeipue
1807 3248 2131 3316 laborasse,

323 3344 486 3419 quod
548 3342 753 3403 Deum
822 3366 946 3406 non
1004 3348 1268 3407 eundem
1328 3347 1834 3426 Omnipotentem
1892 3347 2130 3406 noverit

325 3448 389 3499 et
438 3441 836 3516 Omniseium,
890 3448 994 3505 sed
1053 3468 1196 3506 oum
1255 3448 1531 3507 bonitate
1591 3448 1924 3516 seientiam,
1986 3465 2127 3505 eum

450 3623 474 3654 g
507 3617 658 3663 Prom.
677 3632 782 3674 440.
1092 3621 1110 3647 *¹
1144 3621 1261 3667 Ibid.
1290 3632 1388 3680 174.
1724 3621 1736 3653 i
1769 3620 1884 3665 Ibid·
1907 3634 2011 3678 943·
