2320 4126
339 208 407 259 31
418 210 452 275 4
470 208 597 262 Non
611 208 689 262 ad
699 207 884 263 civilia
899 227 1201 282 maqnopere
1207 210 1475 281 pertinere
1491 209 1796 281 AEsohylea:
1818 230 1977 263 PRAEL.
1989 230 2141 263 xv111.

341 350 552 409 Palam
590 359 774 429 atque
810 360 1038 430 aperte,
1081 355 1143 412 ni
1193 353 1385 423 fallor,
1440 355 1670 412 fatetur
1709 355 1926 431 ipsum,
1959 375 2143 431 quem

340 467 562 526 negare
602 448 752 518 vult,
800 456 1055 508 metum.
1147 449 1450 519 Quorsum
1491 452 1655 510 enim
1692 453 1810 511 ista
1845 458 1950 511 τοῦ
1987 454 2147 510 ὑπευ-

342 546 502 604 θύνου
533 546 807 605 mentio?

429 644 677 713 Rursus,
727 651 821 702 est
869 645 972 703 ubi
1024 645 1241 705 chorus
1290 648 1670 717 vaticinatur,
1717 647 1931 708 Asiam
1978 649 2145 708 brevi

342 742 470 800 fore
489 743 642 820 jugo
674 739 973 801 liberami.

704 864 773 908 τοὶ
795 864 832 908 δ’
855 863 935 909 ἀνὰ
955 866 1040 923 γᾶν
1059 863 1217 911 Ἀσίαν
1239 866 1318 924 δὴν

705 938 783 982 οὐκ
806 938 872 982 ε’τὶ
894 942 1288 996 περσονομοῦνται·

705 1010 796 1056 οὐδ’
821 1011 884 1056 ε’τὶ
906 1012 1280 1072 δασμοφοροῦσιν

707 1084 1058 1131 δεσποσύνοισιν
1079 1085 1300 1146 ἀνάγκαις·

706 1158 798 1204 οὐδ’
822 1159 867 1207 ἐς
886 1162 971 1220 γᾶν
989 1161 1305 1220 προπίτνοντες

705 1233 900 1291 ἄξονται·
922 1234 1137 1289 βασίλεια

708 1309 796 1368 γὰρ
820 1309 1036 1354 διόλωλεν
1056 1307 1208 1368 ἰ’σχυς·

708 1381 798 1425 οὐδ’
821 1382 884 1426 ἔτι
905 1383 1101 1440 γλῶσσα
1119 1384 1355 1440 βροτοῖσιν

709 1455 756 1500 ἐν
776 1456 1014 1514 φυλακαῖς·
1037 1456 1224 1501 λέλυται
1245 1459 1332 1516 γὰρ

708 1531 819 1577 λαὸς
841 1529 1055 1589 ἐλεύθερα
1074 1531 1240 1586 βάζειν,

709 1604 768 1649 ὡς
789 1602 925 1661 ἐλύθη
950 1605 1079 1663 ζόγον
1100 1604 1251 1650 ἀλκάς.

433 1710 691 1769 Gravius
722 1709 951 1786 aliquid
982 1711 1322 1787 suspicatur
1352 1716 1415 1768 et
1447 1711 1663 1769 umbra
1683 1707 1895 1780 Darii-i,

772 1828 884 1886 πρὸς
905 1828 997 1873 τάδ’
1021 1829 1071 1873 οὗ
1093 1830 1227 1876 νόσος
1248 1831 1426 1889 φρενῶν

713 1899 806 1962 εἶχε
827 1903 948 1947 παῖδ’
974 1902 1078 1961 ἐμόν
1090 1921 1105 1956 ;
1139 1902 1315 1948 δέδοικα
1335 1903 1394 1962 μὴ
1415 1903 1558 1950 πολὺς
1578 1906 1775 1949 πλουτοῦ
1795 1906 1929 1950 πόνος

712 1976 846 2036 οὕμος
865 1977 1110 2037 ἀνθρώποις
1129 1977 1306 2037 γένηται
1327 1981 1405 2022 τοῦ
1427 1977 1688 2036 φθάσαντος
1709 1977 1898 2037 ἆρπάγη.

438 2081 674 2141 Possim
722 2084 944 2141 addere
997 2082 1194 2141 multa
1244 2083 1575 2160 ejusmodi3
1641 2102 1897 2160 quorum
1950 2089 2155 2140 tamen

352 2182 625 2240 omnium
656 2201 777 2239 non
809 2188 901 2239 est
933 2201 1005 2239 ea
1036 2183 1140 2251 viS,
1181 2188 1252 2239 ut
1289 2181 1645 2259 AEschylum
1677 2181 1935 2239 doceant
1976 2181 2158 2257 scrip-

351 2281 496 2339 sisse
520 2279 691 2338 velut
714 2300 906 2338 unum
932 2278 1303 2349 Atticorum,
1328 2281 1463 2338 urbi
1496 2286 1559 2338 et
1590 2280 1867 2338 civilibus
1897 2278 2157 2358 negotiis

351 2381 530 2437 unice
572 2398 641 2437 ac
682 2380 988 2455 praecipue
1033 2379 1358 2437 intentum.
1455 2378 1603 2436 Non
1645 2379 1807 2436 enim
1850 2378 2157 2455 pertinent

354 2478 469 2535 ista
516 2477 592 2535 ad
646 2496 945 2535 summam
994 2476 1253 2546 fabulae3
1316 2477 1431 2535 nisi
1479 2477 1636 2534 forte
1674 2476 1821 2535 velit
1861 2476 2157 2552 quispiam

356 2576 513 2652 (quae
559 2584 652 2634 est
696 2577 916 2635 misera
956 2583 1020 2634 et
1068 2577 1370 2634 insaniens
1411 2575 1791 2652 quorundam
1837 2575 2156 2651 sapientia)

356 2693 533 2732 voces
579 2681 643 2732 et
684 2675 867 2733 verba
904 2674 1186 2733 sublimia
1230 2674 1380 2733 sacri
1429 2674 1582 2732 vatis
1625 2674 1690 2731 in
1721 2671 2159 2731 mortalitatem

355 2791 604 2841 meram,
652 2779 837 2848 atque
896 2774 960 2830 in
1017 2772 1249 2830 humile
1306 2772 1430 2830 hoc*
1483 2779 1548 2830 et
1606 2782 1917 2830 terrenum
1967 2788 2159 2848 genus

357 2887 659 2927 revocare.

445 2966 844 3043 Quapropter,
888 2974 959 3025 ut
1000 2967 1166 3037 illuc,
1204 2968 1364 3026 unde
1402 2968 1544 3036 abii,
1575 2973 1864 3025 revertar:
1910 2966 2161 3045 AEschy-

358 3065 488 3123 lum
562 3065 819 3123 dicimus
878 3085 951 3123 eo
1011 3067 1315 3143 scripsisse
1375 3085 1573 3136 sensu,
1641 3085 1762 3142 quo
1821 3073 2162 3124 commotus

359 3164 764 3240 undequaque
790 3162 1088 3241 Virgilius
1110 3164 1357 3222 miseros
1379 3171 1443 3222 et
1467 3183 1655 3245 oeyros
1678 3163 1982 3241 appellare
2006 3164 2161 3223 solet

360 3261 683 3331 mortales3
730 3262 819 3320 ita
852 3268 1076 3332 tamen,
1114 3269 1186 3321 ut
1214 3282 1357 3321 eum
1387 3263 1733 3340 judicemus
1769 3263 2160 3321 eximendum

361 3379 601 3437 prorsus
646 3379 900 3419 numero
949 3381 1178 3431 eorum,
1228 3362 1331 3439 qui
1383 3381 1547 3421 caeco
1596 3362 1723 3420 fato
1768 3362 1895 3441 regi
1947 3361 2161 3419 volunt

362 3459 584 3517 omnia.
683 3459 865 3528 Quod
903 3467 1116 3519 contra
1151 3461 1488 3519 docuerunt
1528 3459 1804 3518 nonnulli
1841 3460 1917 3518 de
1956 3478 2162 3518 recen-

605 3607 618 3639 i
651 3610 800 3653 Prom.
824 3621 928 3668 590.
1639 3611 1651 3643 ‚-
1683 3611 1790 3655 Ver.
1815 3609 1918 3669 756.
