2320 4126
409 143 479 192 452
581 144 761 195 Poetoe
774 143 984 213 partim
1014 143 1301 206 Primarii,
1318 145 1527 213 partim
1554 144 1865 196 Imitatores.
1944 163 2102 197 PRAEL.
2133 164 2205 197 w.

408 287 671 355 modu10,
696 287 916 345 Poetas
940 289 1289 363 partiamur.
1346 287 1484 357 Quo
1504 289 1566 344 in
1587 288 1719 346 loco
1742 289 2036 365 imprimis
2054 289 2204 348 illud

408 386 891 443 constantissime
922 385 1255 441 tenendum
1299 404 1427 442 esse
1465 385 1736 453 arbitror,
1769 386 1930 461 quod
1962 388 2207 463 quidem

406 503 500 541 res
546 485 675 560 ipsa
718 484 1029 540 admonet:
1077 502 1307 550 eorum,
1347 483 1450 559 qui
1497 482 1703 540 Poetae
1749 492 2057 552 vocantur,
2089 488 2209 544 duo

408 583 653 639 omnino
687 582 811 639 dari
834 598 1092 658 genera:
1132 600 1273 638 nam
1298 581 1515 657 partim
1543 581 1816 640 homines
1840 602 1948 641 sua
1970 592 2205 660 sponte,

408 681 701 738 desiderio
733 687 1089 747 commotos,
1121 679 1197 736 ad
1228 680 1609 736 scribendum
1642 681 1945 749 accedere,
1978 682 2025 739 si
2051 682 2206 739 forte

406 786 512 836 aut
571 797 795 855 aegrum
858 778 1148 845 animum,
1208 785 1314 834 aut
1370 778 1716 846 incitatum,
1770 778 2078 837 effundere
2136 801 2206 839 ac

405 875 673 932 mulcere
727 873 1003 942 valeant3
1058 875 1298 950 partim,
1346 874 1494 931 alios
1546 875 1677 933 aliis
1729 877 1805 933 de
1850 877 2060 946 causiS,
2107 897 2207 936 6ο-

405 993 559 1042 rum,
601 973 702 1048 qui
743 973 830 1028 ita
870 972 1233 1048 scripserint,
1276 973 1624 1039 sententiaS,
1662 973 1862 1042 verba,
1903 994 2206 1045 numeros,

404 1086 645 1143 imitari.
739 1084 887 1141 Illos
934 1084 1120 1161 igitur
1148 1083 1494 1142 Primarz'os
1543 1085 1851 1161 quosdam,
1902 1087 2027 1144 sive
2068 1085 2208 1145 Ver-

405 1182 660 1252 naculas‘,
715 1202 943 1259 suoque
992 1184 1132 1259 jure
1187 1183 1411 1242 Poetas
1474 1183 1887 1243 nominemus:
1954 1193 2207 1246 caeteros

406 1302 615 1339 omnes
655 1282 942 1359 appellari
974 1289 1259 1358 putemus
1300 1282 1697 1340 similitudine
1729 1284 1987 1359 quadam
2020 1285 2057 1342 d
2085 1285 2207 1342 vini

403 1383 688 1448 muneris,
721 1401 843 1438 non
874 1381 1002 1457 ipsa
1038 1381 1123 1438 rei
1156 1382 1431 1439 veritate.

491 1480 670 1549 Quod
702 1487 908 1537 autem
941 1499 1013 1537 eo
1044 1480 1425 1556 potissimum
1458 1481 1802 1538 discrimine
1832 1481 2029 1538 notari
2061 1480 2209 1538 veli-

402 1599 537 1637 mus
569 1580 803 1636 diversa
834 1578 1161 1636 Poetarum
1192 1598 1435 1658 genera,
1467 1578 1617 1636 nihil
1649 1598 1791 1637 sane
1831 1598 2058 1636 novum
2099 1586 2206 1637 aut

402 1678 783 1735 reconditum
831 1678 1224 1753 proferimus3
1271 1698 1410 1735 cum
1460 1680 1620 1754 apud
1672 1697 1881 1736 omnes
1929 1678 2055 1735 fere
2099 1677 2208 1735 ho-

401 1778 594 1834 mines
624 1776 863 1853 jamdiu
903 1776 966 1832 111
1006 1777 1391 1852 proverbium
1432 1777 1666 1847 abierit,
1702 1776 1889 1836 Nasci
1930 1776 2206 1848 Poetam,

403 1896 524 1934 non
556 1876 682 1933 fieri
707 1895 719 1933 :

1075 1991 1085 2002 .
1104 1992 1114 2002 .
1153 1957 1317 2016 σόφος,
1340 1960 1364 2002 ὁ
1385 1958 1536 2002 πολλὰ
1558 1956 1682 2004 εἵδως
1703 1956 1813 2017 φύᾳ,

884 2034 1096 2092 μάθοντες
1116 2034 1179 2086 δε,
1201 2034 1367 2091 λάβροι

886 2105 1206 2165 παγγλωσσίᾳ,
1230 2105 1410 2164 κόρακές
1430 2106 1503 2158 ὡς,

887 2179 1078 2237 ἄκραντα
1098 2178 1329 2238 γαρύετον,

890 2252 994 2298 Δίος
1013 2253 1125 2310 πρὸς
1146 2251 1302 2311 ὄρνιχα
1324 2252 1456 2297 θεῖον.

403 2353 732 2410 Innumera
762 2358 902 2410 sunt
933 2351 1083 2418 haec,
1117 2358 1181 2408 et
1222 2352 1282 2408 in
1317 2370 1419 2408 ore
1457 2350 1764 2408 omnium:
1811 2370 1944 2426 quae
1973 2351 2207 2408 ratione

402 2452 647 2510 omnino
679 2457 939 2519 careant,
973 2450 1021 2508 si
1052 2457 1158 2508 aut
1188 2449 1500 2515 imitandO,
1534 2459 1641 2506 aut
1673 2447 1858 2506 verba
1888 2468 2209 2508 numerose

402 2549 837 2626 componendo,
864 2549 1008 2606 satis
1040 2548 1221 2626 digne
1251 2548 1479 2625 poterit
1509 2546 1725 2623 aliquis
1749 2546 1956 2605 Poetae
1987 2565 2208 2605 munus

403 2657 466 2707 et
515 2648 778 2706 officium
833 2648 1105 2723 exsequi.
1221 2647 1384 2717 Quid
1435 2649 1599 2704 enim
1644 2645 1985 2722 procliviUS,
2025 2665 2207 2721 quam

401 2751 711 2809 hominem
758 2750 940 2806 modo
988 2768 1111 2805 non
1157 2767 1397 2825 prorsus
1438 2749 1717 2816 inertem,
1756 2747 1957 2804 studio
2002 2744 2207 2822 paullo

402 2849 627 2907 acriore
658 2848 947 2915 adhibito,
973 2848 1343 2905 imitatorem
1369 2847 1498 2905 fieri
1522 2846 1701 2923 plane
1731 2843 2206 2922 lepidissimum?

401 2945 536 3004 Aut
576 2965 837 3022 quonam
887 2946 948 3002 in
997 2964 1219 3022 genere
1266 2945 1460 3022 magis
1506 2943 1794 3020 proderit,
1841 2943 2035 3000 invita
2083 2941 2210 2999 Mi-

402 3063 601 3112 nerva,
648 3043 805 3100 limae
858 3043 1041 3111 labor,
1089 3062 1270 3118 quam
1316 3043 1379 3100 in
1433 3043 1703 3100 versibus
1755 3041 2015 3099 feliciter
2066 3060 2210 3098 con-

403 3140 756 3200 cludendis?
848 3140 939 3198 Ut
998 3140 1061 3197 in
1117 3159 1190 3197 eo
1251 3139 1560 3198 verissime
1612 3140 1849 3198 dicatur
1906 3138 2069 3216 quod
2130 3138 2207 3195 de

401 3239 847 3298 mathematicis
893 3239 1049 3296 dixit
1090 3238 1337 3296 Cicero:
1386 3245 1419 3269 ‘⁶
1441 3237 1775 3303 Neminem
1819 3237 1946 3295 fere
1991 3236 2047 3294 ei
2097 3235 2208 3294 sci-

402 3339 580 3397 entiae
611 3338 1031 3395 vehementius
1069 3336 1257 3395 videri
1296 3336 1616 3404 studuisse,
1648 3334 1811 3411 quin,
1845 3333 2000 3410 quod
2040 3333 2207 3391 volu-

403 3438 537 3504 erit,
569 3444 927 3494 consecutus
958 3432 1127 3493 sitb.‘’
1219 3433 1511 3510 Utrisque
1551 3433 1739 3511 igitur
1771 3452 1878 3491 sua
1908 3432 2212 3490 tribuatur

1073 3538 1116 3596 *b
1150 3565 1221 3609 De
1247 3564 1374 3609 Orat.
1401 3564 1439 3609 I.
1465 3576 1508 3622 3.
