2320 4126
150 283 303 316 PRAEL.
325 282 374 314 V.
405 262 616 313 Indicia
641 260 875 330 quoedam
914 259 1156 311 Veritatis
1180 261 1237 310 ἐπ
1262 260 1510 310 communi
1532 260 1779 311 Sermone.
1825 261 1896 313 57

232 399 442 472 Itaque
487 399 599 453 tria
641 395 1012 471 potissimum
1059 400 1196 448 sunt
1241 393 1452 467 capita,
1491 411 1740 466 quorum
1786 412 1897 467 ope

149 494 417 570 cognosci
466 492 615 548 solet
661 491 778 558 illa,
824 508 1000 565 quam
1042 489 1370 562 quaerimUS,
1415 488 1742 561 quotidiani
1784 506 1900 544 ser-

148 589 336 645 monis
366 588 623 654 ἀληθεία;
666 605 913 661 quorum
945 604 1130 641 unum
1160 585 1221 640 in
1252 584 1616 651 Constantia,
1648 583 1902 640 alterum

148 687 208 742 in
247 684 631 761 Negligentia
676 683 947 757 quadam,
986 680 1229 736 tertium
1273 679 1334 734 in
1374 677 1609 734 Pudore
1644 678 1902 752 ponitur.

147 779 444 839 Sermonis
480 781 610 836 dico
652 776 978 855 quotidiani
1013 776 1362 832 veritatem:
1407 793 1524 830 non
1571 774 1725 829 enim
1772 792 1902 830 eam

147 876 321 932 hodie
372 882 708 940 tractamuS,
762 892 890 947 quae
936 873 998 928 in
1047 870 1412 947 gravioribus
1465 870 1601 926 vitae
1650 869 1905 945 negotiis

149 978 425 1038 versetur,
474 972 750 1046 turpique
798 970 960 1026 lucro
1009 968 1365 1025 contrarium
1412 973 1566 1042 agat.
1655 965 1775 1023 Sed
1823 967 1904 1023 sic

148 1066 565 1142 intelligimus:
611 1086 747 1123 cum
776 1064 951 1121 multi
982 1063 1173 1120 multa
1196 1083 1257 1120 se
1288 1069 1391 1119 aut
1423 1063 1613 1119 odisse
1643 1070 1747 1119 aut
1777 1062 1907 1118 dili-

147 1181 284 1239 gere
331 1162 715 1218 vehementer
758 1180 895 1218 sane
942 1180 1010 1217 ac
1058 1160 1266 1235 saepius
1313 1158 1588 1224 clament,
1634 1176 1731 1214 eas
1775 1166 1905 1214 tum

150 1260 389 1315 demum
420 1277 585 1315 veras
604 1258 857 1333 judicari
890 1275 1078 1323 voceS,
1110 1275 1239 1330 quae
1268 1275 1405 1312 cum
1442 1257 1667 1312 caeteris
1698 1273 1907 1311 eorun-

150 1356 284 1413 dem
308 1354 615 1411 hominum
639 1355 812 1411 dictis
834 1354 1122 1427 factisque
1144 1353 1297 1409 bene
1320 1358 1648 1428 congruant
1668 1370 1682 1417 ς
1715 1370 1908 1425 neque

150 1452 428 1508 novitatis
472 1450 734 1507 studium
775 1469 893 1525 prae
933 1468 995 1506 se
1027 1449 1254 1516 ferant3
1298 1467 1409 1505 nec
1452 1448 1514 1503 in
1558 1466 1676 1503 uno
1709 1446 1908 1521 aliquo

149 1566 365 1625 genere
394 1547 568 1602 nimis
598 1547 908 1603 ambitiose
937 1552 1260 1602 morentur.

231 1645 273 1702 J
275 1665 371 1702 am
398 1645 546 1701 illud
568 1644 841 1719 primum,
873 1651 905 1674 “
927 1642 1052 1700 Sibi
1084 1642 1405 1709 constare,''
1436 1661 1613 1716 quam
1655 1643 1912 1718 graviter

151 1743 267 1799 huc
313 1742 623 1817 pertineat,
668 1760 787 1796 non
833 1741 946 1796 erit
985 1759 1164 1814 quare
1208 1739 1412 1796 multis
1460 1740 1669 1796 dicam.
1761 1740 1910 1796 Haec

153 1846 242 1896 est
286 1839 444 1894 enim
489 1838 747 1894 conditio
792 1837 914 1893 fere
958 1837 1212 1903 vivendi,
1243 1843 1313 1892 ut
1353 1855 1527 1892 nemo
1568 1835 1740 1892 facile
1780 1854 1912 1891 sen-

153 1937 401 1993 tentiam
443 1941 655 2000 mutet,
687 1953 762 1989 ne
806 1935 867 1989 in
911 1933 1228 1990 levioribus
1269 1933 1507 2007 quidem
1545 1933 1736 1999 rebuS,
1769 1934 1910 2007 quin

154 2033 215 2088 in
257 2031 648 2106 suspicionem
685 2030 899 2096 veniat,
937 2029 1176 2086 finxisse
1217 2048 1345 2104 quae
1390 2029 1548 2103 prius
1587 2028 1911 2085 declararat

155 2128 363 2194 studia,
415 2132 477 2182 et
528 2125 852 2182 vanitatem
914 2126 1192 2182 orationis
1250 2124 1603 2181 adhibuisse.
1706 2132 1739 2155 ‘⁶
1759 2124 1915 2180 Con-

156 2224 403 2290 veniet,”
433 2223 615 2288 aiunt,
642 2229 674 2253 “
693 2221 857 2289 nulli,
882 2222 981 2297 qui
1006 2241 1205 2279 secum
1233 2221 1475 2278 dissidet
1505 2220 1685 2296 ipse.”
1737 2220 1913 2288 Quod

156 2328 360 2377 metuo
402 2338 478 2376 ne
521 2318 718 2394 paullo
763 2318 963 2375 durius
1008 2318 1084 2376 sit
1129 2319 1373 2375 dictum.
1494 2317 1712 2392 Neque
1756 2318 1915 2373 enim

160 2436 390 2492 semper
434 2416 613 2473 verba
658 2417 1034 2473 audientibus
1087 2415 1346 2482 dederat,
1402 2415 1501 2489 qui
1550 2415 1670 2470 cito
1724 2414 1920 2490 dispar

160 2514 268 2571 sibi
323 2514 538 2569 evenit.
634 2512 865 2571 Verum
920 2513 1058 2588 quid
1112 2512 1345 2583 multa?
1391 2511 1655 2568 veritatis
1695 2518 1801 2577 est,
1848 2517 1918 2566 ut

159 2610 498 2685 plurimum,
564 2628 793 2665 servare
858 2609 1286 2676 constantiam3
1355 2607 1590 2674 fraudis,
1651 2606 1919 2672 fallaciae,

163 2706 455 2772 vanitatis,
485 2705 721 2760 mutari.

246 2800 451 2874 Atque
479 2799 636 2856 haud
669 2800 805 2863 scio,
836 2818 912 2854 an
940 2798 1174 2874 longius
1214 2799 1453 2854 recedat
1493 2818 1528 2855 a
1563 2798 1683 2854 veri
1725 2800 1920 2874 specie

162 2898 396 2954 illorum
437 2915 645 2962 sermo,
677 2896 775 2971 qui
807 2914 1039 2970 semper
1078 2894 1298 2968 aliquid
1339 2895 1671 2951 inauditum
1703 2913 1922 2951 venan-

162 3001 275 3060 tur,
305 2991 570 3066 nihilque
600 3009 662 3047 se
692 2991 879 3067 egisse
908 2998 1202 3066 reputant,
1232 2991 1293 3047 ni
1324 2991 1563 3047 auribus
1593 2991 1921 3065 animisque

164 3088 341 3146 καινόν
369 3114 447 3157 τι,
479 3087 566 3143 καὶ
596 3085 750 3165 παρὰ
780 3085 942 3162 δόξαν
974 3088 1229 3162 objicere
1258 3088 1580 3162 potuerint.

251 3186 522 3259 Denique
565 3191 776 3242 natura
809 3186 936 3259 ipsa
968 3184 1232 3241 diffidere
1261 3183 1558 3258 jubemur,
1601 3183 1780 3256 siquis
1819 3180 1924 3237 ali-

167 3302 277 3338 eno
324 3282 452 3338 loco
506 3300 637 3339 suas
682 3301 801 3357 prae
849 3300 910 3337 se
958 3282 1110 3355 ferat
1157 3280 1378 3353 ubique
1431 3278 1702 3335 delicias:
1761 3278 1925 3334 nulla

167 3398 381 3445 rerum,
439 3377 603 3434 nulla
657 3385 1015 3452 temporum,
1076 3376 1240 3433 nulla
1298 3393 1520 3441 eorum,
1573 3374 1924 3449 quibuscum

170 3474 446 3548 loquitur,
499 3474 741 3539 ratione,
794 3492 904 3529 nec
964 3472 1199 3529 delectu
1260 3471 1482 3527 habito.

255 3568 387 3625 Hac
454 3569 618 3625 velut
692 3568 907 3643 triplici
972 3568 1093 3624 ficti
1156 3566 1393 3639 verique
1452 3572 1592 3621 nota
1662 3567 1735 3621 ad
1801 3585 1925 3622 rem
