2320 4126
161 278 316 311 PRAEL.
335 277 423 309 vu.
589 258 789 309 Pietate
812 257 1001 309 lenitur
1025 255 1246 308 Achillis
1257 257 1476 325 ferocia.
1839 260 1910 315 99

163 400 322 458 Nam
350 400 623 474 primum,
653 398 712 455 id
743 398 902 473 quod
931 398 1072 455 satis
1100 398 1248 473 jam,
1289 404 1358 454 ut
1395 397 1644 463 videtur,
1678 398 1908 471 exposi-

157 504 286 554 tum
313 495 559 561 habetis,
586 495 895 570 mitigatur
919 495 1370 569 quodammodO,
1397 493 1488 550 his
1531 493 1906 568 interpositiS,

157 611 290 650 acer
359 591 458 647 ille
529 590 724 667 fulgor
788 591 1149 648 fortitudinis
1221 591 1532 667 plusquam
1605 589 1903 645 humanae.

158 687 498 744 Mulcemur
547 687 743 743 nescio
795 706 912 761 qua
962 687 1293 756 dulcedine,
1339 707 1475 745 cum
1528 686 1686 762 apud
1735 684 1906 741 illum

157 785 334 842 etiam
362 784 666 850 invictum,
698 783 1009 850 immitem,
1041 783 1486 849 inexorabilem,

390 889 506 933 Sunt
525 879 731 947 lacrymae
751 903 915 942 rerum,
938 897 981 934 et
1001 898 1198 935 mentem
1218 892 1422 935 mortalia
1440 896 1650 949 tangunt.

259 991 491 1048 Deinde
540 991 699 1048 aliud
743 991 841 1049 hic
892 994 1363 1051 animadvertere
1413 994 1575 1060 licet,
1621 1010 1737 1066 quo
1787 1008 1907 1046 uno

155 1089 412 1145 maxime
448 1085 599 1145 solet
643 1087 894 1144 emolliri
938 1090 1274 1146 ardentium
1318 1090 1492 1146 nimis
1535 1087 1908 1165 ingeniorum

156 1183 400 1241 ferocia:
458 1202 596 1241 cum
649 1184 778 1259 quis
835 1186 934 1260 pio
991 1192 1279 1261 gratoque
1339 1186 1537 1242 animo
1594 1189 1909 1259 parentum

156 1298 393 1338 suorum
458 1286 653 1336 servat
724 1281 1090 1338 memoriam.
1205 1281 1381 1349 Quod
1446 1298 1517 1337 eo
1589 1278 1777 1354 magis
1847 1277 1910 1332 in

158 1375 397 1434 Achille
442 1377 787 1444 notandum,
836 1395 953 1452 quo
1005 1396 1126 1434 non
1175 1377 1362 1444 illum,
1408 1376 1575 1434 velut
1626 1374 1909 1441 Hectora,

158 1474 420 1552 conjugis
459 1493 658 1532 amore
702 1481 943 1551 captum
987 1475 1158 1552 fingit
1202 1475 1422 1533 Poeta:
1474 1473 1664 1531 voluit
1708 1479 1911 1529 tamen

157 1570 376 1646 pollere
422 1572 480 1628 vi
528 1573 709 1629 animi
756 1573 953 1629 vivida
998 1572 1101 1630 illa
1151 1579 1214 1629 et
1262 1572 1546 1648 inquieta,
1587 1577 1650 1627 et
1689 1569 1912 1645 cogita-

159 1666 414 1724 tionibus
459 1668 521 1724 in
571 1667 894 1744 longinqua
944 1668 1116 1726 ferri:
1171 1688 1299 1744 quae
1345 1669 1532 1725 ferme
1582 1664 1911 1723 amantium

157 1761 407 1820 habetur
434 1764 679 1821 indoles·
768 1763 888 1821 Sed
918 1764 1082 1822 illam
1114 1765 1413 1823 Homerus
1442 1765 1505 1821 in
1535 1761 1774 1820 Achille
1805 1778 1910 1817 suo

158 1859 370 1934 partim
406 1861 480 1916 ad
518 1878 610 1916 res
639 1859 881 1918 bellicas
911 1862 1224 1930 convertit,
1253 1862 1469 1936 partim
1501 1860 1575 1917 ad
1604 1859 1911 1935 ingentem

157 1963 220 2012 et
247 1955 668 2031 inexplebilem
697 1957 896 2031 patriS,
923 1956 1198 2025 Patrocli,
1223 1958 1432 2014 domus
1461 1962 1720 2032 paternae
1750 1970 1912 2010 amo-

160 2070 303 2109 rem.
392 2051 605 2127 Itaque
651 2052 764 2110 hoc
808 2054 934 2128 ipso
985 2054 1047 2110 in
1098 2053 1229 2111 loco
1276 2053 1425 2110 illud
1470 2052 1597 2109 fore
1644 2050 1911 2107 omnium

160 2148 598 2205 acerbissimum
658 2148 896 2216 indicat,
956 2150 1114 2224 quod
1170 2149 1543 2206 moriendum
1609 2146 1719 2204 sibi
1785 2151 1912 2202 erat

160 2243 331 2322 νόσφι
377 2243 552 2322 φίλου
595 2242 811 2323 πατρὸς·
848 2246 935 2302 καὶ
985 2249 1265 2325 μήτεροςς
1326 2253 1418 2303 ast
1448 2244 1718 2311 Hectori,
1754 2241 1910 2299 male

159 2339 470 2414 aliquando
502 2337 595 2413 (ut
637 2340 730 2414 fit.)
777 2342 1082 2408 ominanti,
1115 2342 1319 2399 statim
1364 2347 1504 2398 ante
1540 2339 1742 2397 oculos
1782 2357 1910 2395 ver-

159 2441 363 2492 santur
391 2432 538 2492 ἄστυ
564 2461 645 2503 τε,
676 2435 764 2492 καὶ
791 2435 994 2516 Τρώων
1024 2435 1250 2515 ἄλοχοι,
1280 2436 1367 2493 καὶ
1398 2436 1558 2504 νηπία
1586 2435 1747 2494 τέκνα
1766 2442 1808 2490 ²².

243 2530 436 2588 Immo
466 2539 528 2588 et
557 2531 754 2589 luctus
792 2533 894 2591 ille
932 2554 1107 2610 super
1138 2533 1413 2591 Patroclo
1447 2552 1587 2590 cum
1625 2533 1808 2608 patris
1848 2536 1911 2586 et

159 2626 364 2701 patriae
395 2628 683 2685 desiderio
714 2628 1050 2687 dulcissime
1080 2630 1473 2706 conjungitur.

572 2767 584 2778 .
618 2767 630 2779 .
665 2768 677 2779 .
709 2736 759 2779 οὗ
779 2737 858 2792 μὲν
875 2737 960 2794 γάρ
981 2755 1022 2781 τι
1043 2739 1280 2795 κακώτερον
1299 2735 1411 2780 ἄλλο
1430 2735 1622 2792 πάθοιμι·

393 2803 483 2848 οὐδ’
505 2803 547 2849 εἴ
564 2822 635 2850 κεν
654 2809 731 2850 τοῦ
750 2809 914 2865 πατρὸς
933 2808 1247 2866 ἀποφθιμένοιο
1266 2808 1491 2865 πυθοίμην,

395 2874 442 2921 ὅς
460 2894 545 2920 που
565 2879 639 2921 νῦν
660 2877 822 2936 Φθίηφι
842 2878 964 2937 τέρεν
984 2880 1089 2923 κατὰ
1109 2880 1292 2937 δάκρυον
1312 2878 1419 2933 εἴβει

341 2952 343 2954 ’
392 2945 514 3004 χήτει
533 2948 689 2992 τοιοῦδ’
711 2948 815 2995 υἷος·
849 2952 872 2993 ὁ
895 2949 931 2994 δ’
953 2951 1188 3012 ἀλλοδαπῷ
1213 2950 1274 2996 ἐνὶ
1294 2950 1413 3012 δήμῳ

393 3017 530 3064 εἵνεκα
548 3019 772 3079 ῥιγεδανῆς
790 3021 966 3078 Ἑλένης
985 3023 1156 3080 Τρωσὶν
1174 3024 1436 3081 πολεμίζωῖ).

162 3120 483 3196 Interjecta
525 3122 737 3180 deinde
786 3125 1089 3182 mentione
1139 3125 1264 3194 filii,
1312 3127 1387 3183 ad
1438 3133 1667 3201 patrem
1712 3143 1909 3180 rursus

161 3218 524 3274 convertitur
553 3220 773 3277 oratio:

394 3311 472 3367 ἤδη
492 3311 576 3369 γὰρ
598 3313 753 3368 Πηλῆά
772 3312 812 3370 γ’
835 3309 978 3370 ὀΐομαι
998 3313 1023 3370 ἢ
1046 3314 1152 3358 κατὰ
1171 3315 1349 3371 πάμπαν

395 3383 612 3439 τεθνάμεν,
633 3386 662 3440 ἤ
678 3402 762 3428 που
782 3384 938 3429 τυτθὸν
958 3385 1020 3430 ε’τὶ
1043 3384 1185 3439 ζώοντ’
1206 3385 1465 3443 ἀκάχησθαι,

394 3451 529 3510 γήραΐ
542 3472 589 3497 τε
609 3458 821 3514 στυγερῷ,
843 3456 911 3498 καὶ
934 3456 1036 3512 ἐμὴν
1055 3456 1360 3514 ποτιδέγμενον
1380 3457 1462 3500 αἷεὶ

394 3524 559 3581 λυγρὴν
578 3524 798 3582 ἀγγελίην,
822 3524 882 3569 ὅτ’
905 3526 1217 3584 ἀποφθιμένοιο
1237 3526 1434 3581 πύθηται.

565 3616 589 3640 a
620 3609 674 3653 Il.
697 3611 755 3655 vi.
780 3612 880 3670 276.
1236 3612 1259 3641 b
1290 3612 1379 3656 xix.
1402 3625 1503 3668 321.

1002 3689 1044 3727 H
1080 3692 1113 3728 2
