2320 4126
355 246 463 297 142
601 244 859 316 Eoeempla
886 245 1167 299 Homerica
1193 245 1336 298 circa
1365 247 1604 298 Heroum
1631 245 1804 317 Equos
1823 270 1839 299 .-
1896 266 2057 300 PRAEL.
2079 265 2154 298 lx.

354 387 610 467 ἐναργεὶα
663 387 806 446 satis
855 386 1270 445 demonstrant
1320 405 1461 444 cum
1514 384 1740 464 populo
1793 385 1969 444 illum
2024 405 2158 444 sen-

355 486 516 544 sisse.

444 584 564 643 Sed
604 586 667 642 in
708 584 873 640 omni
915 584 1029 641 hoo
1068 603 1290 661 genere
1327 584 1548 661 primas
1589 583 1765 642 facile
1806 591 2022 643 tenent
2067 604 2159 649 ea,

357 703 488 761 quae
534 685 609 742 de
654 683 1014 751 bellantium
1062 684 1232 759 equis
1276 703 1398 742 non
1429 691 1556 742 tam
1585 684 1943 762 frequentia,
1976 704 2158 762 quam

357 791 515 860 apta,
563 790 626 840 et
671 783 894 860 gravia,
940 791 1004 840 et
1049 782 1271 841 affeetu
1324 782 1502 860 plena
1548 783 1823 863 legimus.
1931 783 2159 843 Deouit

357 883 646 940 nimirum
687 881 860 939 illum
894 881 1169 950 Poetam‚
1201 883 1372 959 eujus
1410 884 1577 960 quasi
1617 882 1883 942 Martius
1915 882 2161 962 clangor

358 983 523 1041 omni
583 984 645 1040 in
707 1001 834 1040 aevo
894 981 1228 1039 militant-es
1281 988 1410 1063 erat
1471 995 1869 1054 accensurUS,
1895 993 1966 1043 ut
2018 1005 2158 1044 oum

357 1101 562 1140 amore
609 1067 870 1156 quodam
918 1080 1145 1138 eximio
1191 1088 1555 1158 perpetuum
1600 1080 1935 1142 celebraret
1975 1083 2161 1141 comi-

358 1187 483 1238 tem
541 1179 958 1255 famulumque
1008 1178 1258 1237 militiae.
1348 1177 1446 1238 Ae
1498 1181 1680 1239 mitto
1732 1201 1822 1252 ea,
1871 1202 2004 1260 quae
2055 1202 2162 1260 per

358 1281 518 1358 ipsos
571 1299 873 1347 numeros,
921 1278 1112 1337 effuso
1162 1278 1424 1356 quodam
1471 1287 1535 1338 et
1586 1278 1778 1340 libero
1822 1289 1996 1353 motu
2040 1283 2163 1342 suis

359 1381 525 1458 quasi
559 1378 791 1438 deliciis
822 1378 1204 1436 exultantem
1237 1379 1540 1437 indicant:

661 1542 720 1588 ὡς
742 1539 778 1585 δ’
804 1539 877 1585 ὅτε
900 1559 965 1586 τις
988 1541 1151 1587 στατὸς
1171 1539 1320 1594 ἵππος,
1343 1540 1600 1599 ἀκοστήσας
1622 1543 1694 1588 ἐπὶ
1717 1544 1877 1602 φάτνῃ,

663 1616 830 1674 δεσμὸν
850 1613 1104 1674 ἀποῤῥήξας
1126 1614 1217 1672 θείῃ
1239 1616 1409 1660 πεδίοιο
1431 1616 1655 1675 κροαίνων,

663 1690 825 1737 εἰωθὼς
844 1689 1061 1735 λούεσθαι
1084 1689 1282 1749 ἐῦῤῥεῖος
1302 1694 1534 1749 ποταμοῖο,
1563 1728 1566 1730 .

664 1766 861 1810 κυδιόων·
896 1765 1019 1824 ὑψοῦ
1041 1764 1089 1809 δὲ
1113 1765 1220 1824 κάρη
1243 1766 1352 1825 ἕχει,
1375 1766 1491 1825 ἀμφὶ
1514 1767 1561 1811 δὲ
1582 1769 1732 1825 χαῖται

663 1839 796 1897 ὤμοις
816 1837 1067 1885 ἀΐσσονται·
1103 1841 1127 1882 ὁ
1151 1837 1186 1883 δ’
1209 1837 1430 1898 ἀγλαΐῃφι
1450 1840 1686 1894 πεποιθὼς,

662 1913 808 1973 ῥίμφα
830 1914 851 1957 ἑ
872 1916 1010 1972 γοῦνα
1031 1911 1160 1972 φέρει
1180 1914 1290 1971 μετά
1311 1911 1347 1959 τ’
1370 1914 1476 1971 ἤθεα
1498 1915 1567 1959 καὶ
1590 1917 1722 1973 νομὸν
1742 1914 1887 1962 ἵππων
1900 1924 1925 1955 g
1930 1951 1938 1962 .

364 2056 582 2114 Fracto
620 2056 1000 2133 abruptoque
1034 2054 1354 2112 verborum
1396 2056 1591 2113 ordini
1628 2077 1752 2115 non
1791 2078 2032 2135 prorsus
2076 2062 2168 2119 in-

364 2164 506 2235 epte
535 2156 860 2234 respondet
893 2174 1100 2213 cursus
1130 2154 1235 2212 ille
1266 2156 1431 2213 omni
1464 2155 1599 2234 lege
1629 2156 1896 2217 solutus:

668 2296 692 2338 ὁ
715 2293 751 2338 δ’
775 2293 1011 2353 ἀγλαίηφι,
1033 2272 1071 2338 κ.
1090 2312 1130 2338 τ.
1145 2296 1191 2338 λ.

452 2434 574 2493 Sed
620 2454 692 2493 ea
735 2434 1037 2494 malebam
1083 2434 1263 2494 hodie
1309 2438 1643 2513 exquirere,
1691 2457 1823 2515 quae
1868 2437 2165 2497 nobilium

364 2536 739 2613 quorundam
791 2555 1086 2612 equorum
1134 2535 1261 2595 fata
1301 2556 1371 2594 ao
1411 2536 1683 2619 fortunas
1735 2558 1876 2596 oum
1929 2557 2167 2596 summa

364 2655 566 2694 rerum
627 2634 951 2693 Iliaoarum
1013 2637 1409 2714 conjungunt,
1463 2637 1763 2714 ipsosque,
1814 2639 2166 2716 gravissimo

364 2754 605 2811 quoque
652 2741 946 2812 tempore,
1001 2734 1170 2793 velut
1230 2755 1440 2818 eorum
1485 2756 1624 2812 quae
1676 2743 1939 2814 aguntur
1984 2738 2169 2814 parti-

365 2834 545 2911 cipes,
569 2834 756 2891 immo
782 2841 845 2892 et
876 2835 1166 2906 eonsciOS,
1200 2834 1517 2895 inducunt.
1580 2834 1786 2894 Primo
1818 2832 2167 2906 DiomedeS,

364 2941 642 2991 extremo
667 2934 806 2991 vitae
829 2934 1118 3011 periculo,
1148 2934 1299 2992 nihil
1331 2941 1460 2993 tam
1491 2936 1671 2994 anxie
1702 2937 1847 3014 agit,
1876 2956 2059 3014 quam
2089 2957 2168 2995 ne

362 3031 632 3090 hostium
664 3031 805 3109 equi
836 3032 1146 3110 effigiant.

665 3176 713 3222 αἵ
731 3178 803 3224 κέν
823 3198 898 3237 μοι
919 3179 1208 3234 πολύβουλος
1226 3178 1388 3239 Ἀθήνη
1412 3182 1542 3228 κῦδος
1562 3182 1711 3240 ὀρέξῃ,

663 3252 905 3313 ἀμφοτέρω
930 3256 1105 3308 κτεῖναι,
1131 3253 1189 3300 σὺ
1211 3255 1259 3300 δὲ
1282 3254 1446 3301 τούσδε
1465 3256 1546 3315 μὲν
1567 3257 1704 3304 ὠκέας
1724 3255 1885 3304 ἵππους

664 3327 799 3373 αὐτοῦ
821 3328 1085 3387 ἐρυκακέειν,
1110 3329 1160 3386 ἐξ
1180 3330 1368 3390 ἄντυγος
1389 3329 1486 3388 ἡνία
1508 3331 1665 3378 τείνας·

665 3402 843 3448 Αἰνείαο
866 3403 903 3448 δ’
925 3400 1100 3463 ἐπαΐξαι
1121 3404 1392 3464 μεμνημένος
1411 3404 1572 3458 ἵππων,

669 3476 715 3520 ἐκ
738 3476 775 3521 δ’
796 3477 960 3524 ἐλάσαι
982 3478 1143 3538 Τρώων
1163 3478 1256 3537 μετ’
1281 3478 1538 3538 ἐϋκνήμιδας
1556 3477 1813 3539 ἈχαιούςῙὶ.

669 3683 688 3709 ⁸
723 3676 777 3720 Il.
801 3678 860 3723 vi.
885 3678 990 3736 506.
1636 3680 1661 3710 h
1692 3696 1736 3725 v.
1763 3679 1864 3725 260.
