2320 4126
217 260 374 294 PRAEL.
394 235 510 292 xvi}
590 240 768 291 Poeta>
792 237 1050 310 Minores:
1090 235 1298 287 Alcoeus
1313 255 1329 286 :
1371 227 1590 304 Sappho,
1858 235 1964 286 283

217 386 496 459 scriptore
527 382 768 439 tradidit
799 380 1105 438 Horatius,
1192 377 1411 444 Primo,
1442 383 1724 451 tanquam
1756 377 1872 433 udo
1904 377 1965 433 in

216 481 402 547 litore,
435 478 657 536 recenti
686 477 1007 554 naufragi0‚
1027 477 1316 552 jactatam
1348 474 1505 531 canit
1534 492 1746 530 navem
1766 469 1810 529 ¹¹.

565 600 614 643 τὸ
635 598 713 655 μὲν
731 599 815 656 γὰρ
837 598 956 642 ἔνθεν
977 601 1086 655 κῦμα
1108 597 1364 649 κυλίνδεται,

563 671 612 714 τὸ
635 668 671 714 δ’
691 667 826 714 ἔνθεν·
859 669 993 727 ἄμμες
1014 669 1050 713 δ’
1074 669 1126 713 ἂν
1144 670 1194 712 τὸ
1214 668 1386 725 μέσσον

685 741 755 787 ναῒ
771 741 1000 800 φορήμεθα
1022 742 1104 786 σὺν
1120 741 1317 798 μελαίνᾳ,

563 820 738 874 χειμῶνι
757 815 1016 873 μοχθεῦντες
1035 815 1224 874 μεγάλῳ·
1248 813 1382 857 καλὸν

563 889 650 944 πὰρ
671 887 748 944 μὲν
767 887 851 945 γὰρ
873 886 1028 931 ἄντλος
1048 885 1282 930 ἷστοπέδαν
1300 883 1408 942 ἔχει,

622 961 784 1017 λαῖφος
804 959 851 1002 δὲ
871 961 955 1002 πᾶν
981 959 1163 1014 ζάδηλον
1184 958 1279 1014 ἤδη,

685 1032 754 1075 καὶ
772 1031 947 1076 λακίδες
967 1031 1153 1090 μεγαλαὶ
1174 1029 1262 1074 κατ’
1285 1030 1405 1074 αὐτό.

217 1132 448 1199 Deinde
478 1143 545 1188 ut
585 1139 711 1189 erat
752 1132 931 1190 feroci
972 1139 1034 1189 et
1078 1131 1263 1190 libero
1303 1133 1558 1209 ingeniO,
1589 1132 1967 1208 reprehendit

216 1229 309 1286 vel
340 1249 401 1287 se
433 1229 524 1286 vel
555 1229 752 1297 alium,
783 1231 1006 1305 pudore
1036 1229 1193 1286 malo
1223 1229 1608 1286 laborantem.

566 1344 683 1388 θέλω
703 1363 771 1389 τιν
790 1344 925 1401 εἷπῆν,
946 1344 1063 1388 ἄλλα
1081 1363 1144 1402 με·
1155 1344 1308 1389 κωλύει

566 1418 693 1463 αἰδώς
697 1450 1343 1463 .......................

566 1490 614 1545 αἶ>
631 1489 667 1533 δ’
690 1487 752 1534 ἷκε
773 1489 814 1534 σ’
839 1490 982 1534 ἐσλῶν
1002 1489 1147 1548 ἵμερος
1166 1489 1190 1546 ἢ
1213 1492 1370 1542 καλῶν,

568 1563 635 1606 καὶ
654 1562 785 1619 μηδὲν
805 1562 893 1619 εἰκῆ
913 1560 1086 1620 γλῶσσ’
1109 1561 1235 1606 ἐκύκα
1255 1563 1396 1615 κακὸν,

627 1631 756 1679 αἵδως
776 1652 846 1678 κεν
866 1635 965 1691 οὐχὶ
987 1633 1029 1679 σ’
1052 1632 1168 1691 εἶχεν
1187 1633 1356 1692 ὄμματ’,

683 1703 783 1750 ἄλλ’
802 1703 954 1764 ἔλεγες
973 1706 1072 1763 περὶ
1092 1711 1151 1750 τῶ
1173 1706 1319 1750 δικαίω
1331 1705 1359 1750 i.

219 1801 440 1859 Nescio
471 1801 766 1876 quomodo
802 1802 948 1858 mihi
985 1803 1325 1877 persuade0‚
1357 1801 1451 1859 vel
1492 1821 1568 1859 ex
1612 1802 1968 1862 brevissimis

215 1897 376 1955 hisce
434 1898 691 1973 reliquiis
749 1897 946 1973 colligi
1005 1918 1174 1974 posse
1233 1898 1547 1975 Scriptoris
1606 1900 1764 1957 illius
1809 1901 1967 1969 ἦθος,

217 2013 401 2069 usque
449 2014 519 2051 eo
572 2014 708 2051 cum
764 1994 1100 2052 Homericis
1151 1997 1522 2063 conveniens,
1575 2004 1642 2053 ut
1698 1998 1760 2054 in
1808 2005 1971 2055 utro-

215 2110 332 2165 que
396 2091 700 2148 nauticum
760 2090 981 2166 aliquid
1053 2110 1349 2167 agnoscaS,
1424 2092 1601 2167 idque
1672 2093 1969 2170 intelligas

216 2207 335 2244 non
387 2187 461 2244 de
508 2186 828 2264 longinquo
887 2188 1056 2254 sumi,
1105 2189 1205 2244 sed
1258 2188 1455 2244 media
1504 2189 1660 2245 inter
1710 2190 1970 2264 pericula

217 2284 466 2351 edoceri,
513 2290 575 2340 et
619 2284 774 2340 inuri
819 2283 1272 2358 quodammodo.
1361 2284 1634 2353 Quocum
1672 2287 1870 2353 etiam,
1907 2288 1968 2343 ni

217 2381 406 2448 fallor,
453 2401 570 2437 non
620 2380 778 2438 male
823 2381 1120 2457 conspirat
1179 2382 1404 2439 stabilis
1461 2382 1563 2440 ille
1610 2384 1710 2440 sed
1766 2390 1969 2439 tamen

215 2475 621 2532 vehementior
671 2494 872 2532 cursus
923 2495 1304 2532 numerorum
1351 2477 1451 2550 qui
1498 2474 1729 2533 Alcaici
1781 2477 1970 2533 nomi-

215 2579 463 2639 nantur3
521 2573 621 2647 qui
663 2573 865 2647 rapido
908 2573 1078 2628 initio
1122 2571 1429 2647 paullatim
1477 2591 1539 2630 se
1585 2580 1969 2648 compescunt

215 2688 282 2725 ac
326 2669 652 2735 retrahunt,
710 2675 773 2724 et
830 2669 904 2724 ad
963 2667 1288 2724 clausulam
1337 2679 1589 2744 vergunt
1646 2669 1967 2743 praevisam,

215 2764 379 2839 quasi
431 2764 754 2821 constantis
795 2763 1204 2840 gubernatoris
1257 2764 1504 2839 impetu,
1594 2764 1869 2839 Denique
1921 2766 1968 2822 si

218 2860 346 2934 quis
403 2860 762 2916 musicorum
820 2861 1031 2917 modus
1089 2861 1314 2916 caeteris
1370 2859 1705 2918 bellicosior
1764 2861 1969 2918 haberi

217 2955 414 3022 debet,
445 2956 499 3012 ei
530 2957 884 3031 respondere
914 2957 1177 3032 suspicor
1206 2955 1481 3014 Alcaicos
1511 2976 1729 3015 versus.

289 3051 470 3108 Porro
503 3060 783 3127 tanquam
815 3051 1059 3109 Alcaeus
1101 3054 1405 3111 severioris
1437 3053 1676 3129 Lyricae,
1710 3055 1792 3111 sic
1820 3055 1970 3112 mol-

218 3148 377 3205 lioris
407 3155 468 3204 et
506 3150 693 3226 magis
726 3150 1029 3207 amatoriae
1053 3169 1282 3225 parem,
1313 3158 1381 3206 ut
1418 3151 1667 3218 videtur,
1698 3150 1979 3207 habenda

219 3252 308 3301 est
340 3244 612 3320 Sappho:
673 3247 878 3303 modos
908 3254 1109 3303 autem
1141 3247 1265 3321 ejus
1299 3246 1527 3321 Lyricae
1554 3266 1711 3304 nunc
1742 3246 1968 3303 flebiles

220 3348 281 3397 et
302 3342 680 3417 interruptos,
703 3362 860 3399 nunc
882 3342 1023 3399 ludo
1043 3342 1300 3417 jocoque
1326 3344 1644 3418 propiores,
1666 3350 1802 3419 apte
1827 3344 1968 3400 satis

278 3494 296 3518 *¹
328 3495 414 3551 Ap.
438 3494 659 3546 Gaisford‚
685 3496 824 3553 Heph.
848 3511 891 3553 p.
909 3497 1011 3553 336.

279 3565 288 3591 ²
321 3566 404 3623 Ap.
429 3566 564 3610 Arist.
590 3567 716 3611 Rhet.
738 3568 766 3611 i.
791 3583 832 3625 9.
857 3568 915 3612 ix.
940 3582 993 3625 3;
1029 3567 1251 3620 Gaisford,
1274 3568 1320 3611 in
1345 3569 1483 3625 Heph.
1507 3568 1585 3613 ubi
1609 3584 1730 3625 supr.
