2320 4126
334 246 442 296 158
631 241 716 295 Ab
744 242 963 294 Homero
989 241 1190 304 divites,
1219 258 1253 293 a
1293 239 1517 311 Viogqilio
1531 256 1809 310 paupere-5,
1900 255 2060 289 PRAEL.
2081 257 2137 290 x·

332 388 603 464 apprime
658 385 1040 452 conveniant,
1095 384 1445 461 suscipienti
1506 383 1582 440 ad
1636 389 1878 458 tempus
1936 387 2136 457 partes

333 486 601 545 ductoris
632 484 800 544 suie?

581 642 1045 655 ................
1063 605 1362 664 τετιμήμεσθα
1382 606 1581 663 μάλιστα

576 684 678 742 ἕδρῃ
702 702 750 727 τε
773 682 955 741 κρέασίν
976 680 1012 726 τ’
1036 679 1112 737 ἠδὲ
1133 679 1305 726 πλείοις
1326 679 1570 725 δεπάεσσιν

576 758 622 801 ἐν
643 757 794 813 Λυκίῃ,
816 757 976 801 πάντες
998 755 1061 807 δὲ,
1085 754 1212 800 θεοὺς
1233 754 1305 806 ὣς,
1328 754 1611 812 εἰσορόωσιν*

578 831 648 875 καὶ
670 830 849 888 τέμενος
870 829 1118 887 νενόμεσθα
1138 827 1269 888 μέγα,
1292 828 1481 875 Ξάνθοιο
1501 827 1602 887 παρ’
1626 827 1780 887 ὄχθας,

576 905 713 949 καλὸν
734 905 955 962 φυταλιῆς
977 903 1047 946 καὶ
1068 901 1258 962 ἀρούρης
1279 904 1591 962 πυροφόροιο..
1611 938 1621 948 .
1643 937 1652 947 .
1672 937 1681 948 .

579 977 631 1021 οὐ
652 979 739 1035 μὰν
760 977 938 1034 ἀκληεῖς
960 976 1122 1034 Λυκίην
1143 977 1253 1021 κάτα
1275 976 1579 1036 κοιρανέουσιν

578 1050 782 1109 ἡμέτεροι
803 1051 1037 1108 βασιλῆες,
1062 1050 1216 1096 ἔδουσί
1235 1069 1284 1095 τε
1304 1051 1435 1096 πίονα
1454 1052 1592 1108 μῆλα,

580 1122 698 1171 οἶνόν
719 1124 755 1170 τ’
780 1125 969 1182 ἔξαιτον,
991 1124 1215 1182 μελιηδέα·
1226 1158 1507 1170 ..........

341 1236 565 1321 Neque
610 1244 774 1302 aliud
821 1263 1034 1303 sonare
1075 1245 1352 1314 dixerim,
1386 1245 1546 1322 quod
1581 1244 1842 1302 Phoenix
1879 1246 1941 1303 in
1973 1247 2146 1306 donis

338 1351 611 1401 moratur
651 1342 962 1421 sigillatim
1005 1343 1450 1414 enumerandis,
1481 1363 1615 1420 quae
1659 1344 1735 1401 ad
1781 1344 2145 1421 placandum

342 1442 730 1521 Meleagrum
761 1442 1036 1501 adhibita
1066 1449 1240 1501 erant
1252 1439 1285 1500 f.

428 1539 731 1599 Praeterea
770 1559 892 1598 non
929 1540 1119 1599 semel
1168 1541 1328 1618 apud
1361 1539 1705 1599 Homerum
1747 1542 1946 1618 ipsum
1978 1542 2148 1612 illud,

345 1638 750 1715 Locupletem
788 1657 940 1708 esse,
972 1638 1143 1698 velut
1179 1639 1535 1716 praeclarum
1566 1639 1815 1716 aliquid,
1848 1640 2147 1700 laudatur.

343 1736 780 1796 Andromache
811 1735 1135 1818 πολύδωρος
1166 1738 1562 1815 appellaturg.
1629 1739 1983 1797 Ericthonio
2014 1758 2151 1816 pro-

343 1856 457 1895 avo
481 1856 545 1894 se
565 1837 764 1913 jactat
789 1837 1030 1906 AEneas,
1051 1837 1212 1913 quod
1240 1838 1424 1896 fuerit
1454 1838 1504 1896 is
1528 1838 1911 1919 ἀφνειότατος
1942 1842 2151 1907 θνητῶν

343 1935 647 2016 ἀνθρώπων
666 1931 713 1994 ¹¹.
806 1935 1215 1995 Inveniuntur
1267 1938 1452 1996 etiam
1514 1938 1959 2009 similitudines,
2021 1958 2154 2015 quae

344 2035 512 2093 haud
561 2034 746 2093 dubie
800 2034 1135 2112 splendoris
1182 2036 1410 2113 aliquid
1458 2044 1770 2096 arcessunt
1823 2038 1936 2097 sibi
1983 2057 2154 2096 men-

345 2134 520 2192 tione
567 2134 916 2192 divitiarum
929 2130 961 2192 ἰ.

588 2271 734 2325 Τρῶες
755 2265 808 2319 δ’,
832 2266 940 2312 ὥστ’
963 2264 1051 2313 ὀΐες
1070 2268 1384 2325 πολυπάμονος
1404 2268 1565 2328 ἀνδρὸς
1586 2268 1633 2314 ἐν
1653 2270 1767 2326 αὐλῇ

586 2338 737 2400 μύριαι
759 2342 1016 2398 ἑστηκασιν,
1038 2341 1334 2401 ἀμελγόμεναι
1354 2343 1476 2402 γάλα
1495 2344 1668 2387 λευκόν.

346 2459 523 2529 Tum,
597 2458 815 2535 quibus
886 2466 1134 2517 ornatur
1197 2459 1414 2536 aquilae
1481 2461 1736 2537 pictura,
1808 2461 2008 2519 missae
2078 2460 2154 2518 ad

350 2556 662 2616 Priamum
693 2558 927 2636 augurii
959 2554 1215 2618 causak:

590 2688 712 2746 ὅσση
735 2688 774 2734 δ’
797 2689 1059 2749 ὑψορόφοιο
1081 2689 1191 2750 θύρη
1216 2689 1435 2750 θαλάμοιο
1457 2691 1655 2736 τέτυκται

590 2762 746 2821 ἀνέρος
766 2762 989 2822 ἀφνειοῖο,
1013 2762 1204 2821 ε’ὕκλήῒς,
1226 2764 1428 2824 ἀραρυῖα,

592 2836 726 2882 τόσσ’
750 2836 835 2895 ἄρα
855 2840 935 2883 τοῦ
956 2837 1190 2896 ἑκάτερθεν
1211 2839 1321 2886 ἕσαν
1341 2840 1497 2898 πτερά.

351 2952 515 3022 Quid
561 2953 796 3012 multa?
861 2972 1102 3030 semper
1123 2980 1126 2982 ·
1145 2960 1211 3011 et
1254 2953 1481 3029 ubique
1526 2952 1808 3020 divitum,
1854 2951 1917 3008 ni
1963 2950 2155 3020 fallor,

350 3049 640 3108 clientem
699 3069 1007 3129 agnoscas,
1067 3050 1267 3127 ipsum
1335 3070 1459 3109 non
1525 3050 1678 3112 adeo
1740 3049 2154 3109 abundantem

351 3149 591 3226 opibuS.

436 3246 682 3317 Contra,
715 3247 1013 3326 Virgilius
1057 3266 1178 3324 quo
1219 3247 1422 3305 animo
1461 3248 1792 3306 rusticetur
1833 3268 1956 3306 non
1998 3246 2160 3306 male

351 3351 670 3422 exponunt
699 3364 789 3415 ea,
820 3365 959 3422 quae
989 3344 1178 3404 habet
1208 3346 1439 3404 amicus
1470 3346 1617 3422 ejuS,
1650 3344 1969 3405 Horatius.

411 3556 430 3576 ὃ
466 3549 520 3594 11.
544 3551 621 3596 xii.
645 3566 750 3609 310.
886 3552 900 3578 ‘
927 3554 988 3599 ix.
1013 3554 1117 3614 576.
1256 3562 1275 3588 Ε
1299 3552 1365 3599 vi.
1389 3569 1507 3613 3943
1541 3554 1648 3599 xxii.
1674 3556 1748 3599 88.
1893 3554 1913 3579 ‘¹
1946 3570 2023 3599 xx.
2050 3568 2154 3598 220.

349 3611 359 3638 ¹
392 3621 452 3665 iv.
477 3635 582 3679 433.
770 3624 792 3649 ¹‘'
821 3626 943 3670 xxiv.
967 3638 1071 3685 317.
