<?xml version="1.0" encoding="UTF-8"?>
<!DOCTYPE html PUBLIC "-//W3C//DTD XHTML 1.0 Transitional//EN"
    "http://www.w3.org/TR/xhtml1/DTD/xhtml1-transitional.dtd">
<html xmlns="http://www.w3.org/1999/xhtml" xml:lang="en" lang="en">
 <head>
  <title>
</title>
<meta http-equiv="Content-Type" content="text/html;charset=utf-8" />
  <meta name='ocr-system' content='tesseract 3.04.00' />
  <meta name='ocr-capabilities' content='ocr_page ocr_carea ocr_par ocr_line ocrx_word'/>
</head>
<body>
  <div class='ocr_page' id='page_1' title='image "./a588873901kebluoft_0204.png"; bbox 0 0 2320 4126; ppageno 0'>
   <div class='ocr_carea' id='block_1_1' title="bbox 365 222 2156 294">
    <p class='ocr_par' dir='ltr' id='par_1_1' title="bbox 365 222 2156 294">
     <span class='ocr_line' id='line_1_1' title="bbox 365 222 2156 294; baseline -0.001 -21"><span class='ocrx_word' id='word_1_1' title='bbox 365 223 474 279; x_wconf 78' lang='lat'>194</span> <span class='ocrx_word' id='word_1_2' title='bbox 623 223 665 275; x_wconf 94' lang='lat' dir='ltr'><em>I</em></span> <span class='ocrx_word' id='word_1_3' title='bbox 663 222 818 276; x_wconf 66' lang='lat' dir='ltr'>eludit</span> <span class='ocrx_word' id='word_1_4' title='bbox 845 224 1007 276; x_wconf 76' lang='lat' dir='ltr'>Poeta</span> <span class='ocrx_word' id='word_1_5' title='bbox 1033 224 1258 277; x_wconf 70' lang='lat' dir='ltr'>nauticis</span> <span class='ocrx_word' id='word_1_6' title='bbox 1285 223 1570 276; x_wconf 68' lang='lat' dir='ltr'>Phaeacum</span> <span class='ocrx_word' id='word_1_7' title='bbox 1594 223 1823 294; x_wconf 74' lang='lat' dir='ltr'>ineptiis,</span> <span class='ocrx_word' id='word_1_8' title='bbox 1881 235 2156 276; x_wconf 73' lang='lat' dir='ltr'>PRAEL.x11.</span> 
     </span>
    </p>
   </div>
   <div class='ocr_carea' id='block_1_2' title="bbox 361 363 2161 1744">
    <p class='ocr_par' dir='ltr' id='par_1_2' title="bbox 364 363 2159 1040">
     <span class='ocr_line' id='line_1_2' title="bbox 454 363 2156 447; baseline 0.001 -21"><span class='ocrx_word' id='word_1_9' title='bbox 454 368 799 447; x_wconf 85' lang='lat' dir='ltr'>Navigandi</span> <span class='ocrx_word' id='word_1_10' title='bbox 841 377 1045 428; x_wconf 87' lang='lat' dir='ltr'>autem</span> <span class='ocrx_word' id='word_1_11' title='bbox 1087 369 1328 428; x_wconf 93' lang='lat' dir='ltr'>laudem</span> <span class='ocrx_word' id='word_1_12' title='bbox 1364 364 1639 447; x_wconf 81' lang='lat' dir='ltr'>intelligo</span> <span class='ocrx_word' id='word_1_13' title='bbox 1670 387 1792 427; x_wconf 91' lang='lat' dir='ltr'>non</span> <span class='ocrx_word' id='word_1_14' title='bbox 1823 363 1986 427; x_wconf 88' lang='lat' dir='ltr'>illam</span> <span class='ocrx_word' id='word_1_15' title='bbox 2020 388 2156 447; x_wconf 87' lang='lat' dir='ltr'>quae</span> 
     </span>
     <span class='ocr_line' id='line_1_3' title="bbox 364 467 2156 545; baseline 0.001 -21"><span class='ocrx_word' id='word_1_16' title='bbox 364 468 602 544; x_wconf 82' lang='lat' dir='ltr'>proprie</span> <span class='ocrx_word' id='word_1_17' title='bbox 647 468 869 526; x_wconf 91' lang='lat' dir='ltr'>dicitur</span> <span class='ocrx_word' id='word_1_18' title='bbox 918 469 1174 537; x_wconf 88' lang='lat' dir='ltr'>heroica,</span> <span class='ocrx_word' id='word_1_19' title='bbox 1229 467 1333 526; x_wconf 88' lang='lat' dir='ltr'>sed</span> <span class='ocrx_word' id='word_1_20' title='bbox 1387 488 1519 545; x_wconf 85' lang='lat' dir='ltr'>quae</span> <span class='ocrx_word' id='word_1_21' title='bbox 1570 469 1645 526; x_wconf 93' lang='lat' dir='ltr'>ad</span> <span class='ocrx_word' id='word_1_22' title='bbox 1690 487 1792 526; x_wconf 92' lang='lat' dir='ltr'>eos</span> <span class='ocrx_word' id='word_1_23' title='bbox 1837 469 2156 545; x_wconf 77' lang='lat' dir='ltr'>pertineat,</span> 
     </span>
     <span class='ocr_line' id='line_1_4' title="bbox 365 565 2156 645; baseline 0.001 -21"><span class='ocrx_word' id='word_1_24' title='bbox 365 567 468 643; x_wconf 90' lang='lat' dir='ltr'>qui</span> <span class='ocrx_word' id='word_1_25' title='bbox 516 567 754 645; x_wconf 84' lang='lat' dir='ltr'>navigia</span> <span class='ocrx_word' id='word_1_26' title='bbox 795 574 1052 635; x_wconf 88' lang='lat' dir='ltr'>tantum,</span> <span class='ocrx_word' id='word_1_27' title='bbox 1103 567 1258 624; x_wconf 91' lang='lat' dir='ltr'>sicut</span> <span class='ocrx_word' id='word_1_28' title='bbox 1306 567 1612 625; x_wconf 87' lang='lat' dir='ltr'>machinas</span> <span class='ocrx_word' id='word_1_29' title='bbox 1659 567 1965 644; x_wconf 88' lang='lat' dir='ltr'>quasdam,</span> <span class='ocrx_word' id='word_1_30' title='bbox 2007 565 2156 626; x_wconf 87' lang='lat' dir='ltr'>scite</span> 
     </span>
     <span class='ocr_line' id='line_1_5' title="bbox 366 663 2159 743; baseline 0.001 -20"><span class='ocrx_word' id='word_1_31' title='bbox 366 685 436 723; x_wconf 93' lang='lat' dir='ltr'>ac</span> <span class='ocrx_word' id='word_1_32' title='bbox 467 667 681 724; x_wconf 86' lang='lat' dir='ltr'>dextre</span> <span class='ocrx_word' id='word_1_33' title='bbox 711 685 955 724; x_wconf 86' lang='lat' dir='ltr'>movere</span> <span class='ocrx_word' id='word_1_34' title='bbox 985 665 1235 742; x_wconf 83' lang='lat' dir='ltr'>possint.</span> <span class='ocrx_word' id='word_1_35' title='bbox 1330 663 1421 723; x_wconf 91' lang='lat' dir='ltr'>Ea</span> <span class='ocrx_word' id='word_1_36' title='bbox 1450 666 1700 724; x_wconf 90' lang='lat' dir='ltr'>scientia</span> <span class='ocrx_word' id='word_1_37' title='bbox 1728 665 1955 743; x_wconf 93' lang='lat' dir='ltr'>pollere</span> <span class='ocrx_word' id='word_1_38' title='bbox 1987 666 2159 725; x_wconf 85' lang='lat' dir='ltr'>Phae-</span> 
     </span>
     <span class='ocr_line' id='line_1_6' title="bbox 366 764 2159 843; baseline -0.001 -19"><span class='ocrx_word' id='word_1_39' title='bbox 366 784 502 824; x_wconf 91' lang='lat' dir='ltr'>acas</span> <span class='ocrx_word' id='word_1_40' title='bbox 531 766 723 843; x_wconf 84' lang='lat' dir='ltr'>magis</span> <span class='ocrx_word' id='word_1_41' title='bbox 754 783 935 841; x_wconf 90' lang='lat' dir='ltr'>quam</span> <span class='ocrx_word' id='word_1_42' title='bbox 964 764 1183 823; x_wconf 90' lang='lat' dir='ltr'>bellica</span> <span class='ocrx_word' id='word_1_43' title='bbox 1212 764 1338 822; x_wconf 92' lang='lat' dir='ltr'>ulla</span> <span class='ocrx_word' id='word_1_44' title='bbox 1367 765 1607 835; x_wconf 84' lang='lat' dir='ltr'>virtute,</span> <span class='ocrx_word' id='word_1_45' title='bbox 1649 765 1848 842; x_wconf 92' lang='lat' dir='ltr'>lepide</span> <span class='ocrx_word' id='word_1_46' title='bbox 1889 767 2031 824; x_wconf 88' lang='lat' dir='ltr'>satis</span> <span class='ocrx_word' id='word_1_47' title='bbox 2062 764 2159 823; x_wconf 90' lang='lat' dir='ltr'>vel</span> 
     </span>
     <span class='ocr_line' id='line_1_7' title="bbox 364 863 2157 940; baseline -0.001 -19"><span class='ocrx_word' id='word_1_48' title='bbox 364 864 494 940; x_wconf 88' lang='lat' dir='ltr'>ipsa</span> <span class='ocrx_word' id='word_1_49' title='bbox 533 863 778 921; x_wconf 90' lang='lat' dir='ltr'>nomina</span> <span class='ocrx_word' id='word_1_50' title='bbox 823 869 1315 931; x_wconf 82' lang='lat' dir='ltr'>commonstrant,</span> <span class='ocrx_word' id='word_1_51' title='bbox 1355 863 1572 939; x_wconf 90' lang='lat' dir='ltr'>quibus</span> <span class='ocrx_word' id='word_1_52' title='bbox 1617 870 1906 922; x_wconf 87' lang='lat' dir='ltr'>ornantur</span> <span class='ocrx_word' id='word_1_53' title='bbox 1949 883 2157 921; x_wconf 91' lang='lat' dir='ltr'>eorum</span> 
     </span>
     <span class='ocr_line' id='line_1_8' title="bbox 367 969 716 1040; baseline 0.003 -21"><span class='ocrx_word' id='word_1_54' title='bbox 367 969 684 1040; x_wconf 60' lang='lat' dir='ltr'>proceres&amp;</span> <span class='ocrx_word' id='word_1_55' title='bbox 705 982 716 1020; x_wconf 90' lang='lat'>:</span> 
     </span>
    </p>

    <p class='ocr_par' dir='ltr' id='par_1_3' title="bbox 612 1097 1843 1162">
     <span class='ocr_line' id='line_1_9' title="bbox 612 1097 1843 1162; baseline 0.002 -15"><span class='ocrx_word' id='word_1_56' title='bbox 612 1100 726 1161; x_wconf 81' lang='grc' dir='ltr'>ὦρτο</span> <span class='ocrx_word' id='word_1_57' title='bbox 747 1097 827 1160; x_wconf 71' lang='grc' dir='ltr'>μὲν</span> <span class='ocrx_word' id='word_1_58' title='bbox 846 1102 1088 1162; x_wconf 81' lang='grc' dir='ltr'>Ἀκρόνεώς</span> <span class='ocrx_word' id='word_1_59' title='bbox 1108 1122 1155 1148; x_wconf 91' lang='grc' dir='ltr'>τε</span> <span class='ocrx_word' id='word_1_60' title='bbox 1179 1104 1249 1148; x_wconf 84' lang='grc' dir='ltr'>καὶ</span> <span class='ocrx_word' id='word_1_61' title='bbox 1268 1103 1484 1152; x_wconf 84' lang='grc' dir='ltr'>Ὠκύαλος</span> <span class='ocrx_word' id='word_1_62' title='bbox 1503 1105 1573 1149; x_wconf 88' lang='grc' dir='ltr'>καὶ</span> <span class='ocrx_word' id='word_1_63' title='bbox 1592 1103 1843 1162; x_wconf 75' lang='grc' dir='ltr'>Ἐλατρεύς,</span> 
     </span>
    </p>

    <p class='ocr_par' dir='ltr' id='par_1_4' title="bbox 614 1175 1906 1238">
     <span class='ocr_line' id='line_1_10' title="bbox 614 1175 1906 1238; baseline 0.003 -19"><span class='ocrx_word' id='word_1_64' title='bbox 614 1176 808 1223; x_wconf 80' lang='grc' dir='ltr'>Ναυτεύς</span> <span class='ocrx_word' id='word_1_65' title='bbox 826 1196 873 1222; x_wconf 91' lang='grc' dir='ltr'>τε</span> <span class='ocrx_word' id='word_1_66' title='bbox 896 1175 1128 1237; x_wconf 80' lang='grc' dir='ltr'>Πρυμνεύς</span> <span class='ocrx_word' id='word_1_67' title='bbox 1147 1196 1195 1222; x_wconf 88' lang='grc' dir='ltr'>τε</span> <span class='ocrx_word' id='word_1_68' title='bbox 1217 1179 1288 1222; x_wconf 87' lang='grc' dir='ltr'>καὶ</span> <span class='ocrx_word' id='word_1_69' title='bbox 1307 1177 1547 1238; x_wconf 84' lang='grc' dir='ltr'>Ἀγχιάλος</span> <span class='ocrx_word' id='word_1_70' title='bbox 1568 1179 1638 1223; x_wconf 82' lang='grc' dir='ltr'>καὶ</span> <span class='ocrx_word' id='word_1_71' title='bbox 1656 1176 1906 1237; x_wconf 73' lang='grc' dir='ltr'>Ἐρετμεύς,</span> 
     </span>
    </p>

    <p class='ocr_par' dir='ltr' id='par_1_5' title="bbox 361 1249 2161 1744">
     <span class='ocr_line' id='line_1_11' title="bbox 612 1249 2042 1323; baseline 0.002 -29"><span class='ocrx_word' id='word_1_72' title='bbox 612 1250 807 1297; x_wconf 87' lang='grc' dir='ltr'>Ποντεύς</span> <span class='ocrx_word' id='word_1_73' title='bbox 828 1270 877 1296; x_wconf 86' lang='grc' dir='ltr'>τε</span> <span class='ocrx_word' id='word_1_74' title='bbox 898 1249 1109 1310; x_wconf 82' lang='grc' dir='ltr'>Πρωρεύς</span> <span class='ocrx_word' id='word_1_75' title='bbox 1124 1270 1187 1304; x_wconf 90' lang='grc' dir='ltr'>τε,</span> <span class='ocrx_word' id='word_1_76' title='bbox 1211 1254 1351 1306; x_wconf 83' lang='grc' dir='ltr'>Θόων,</span> <span class='ocrx_word' id='word_1_77' title='bbox 1371 1251 1696 1310; x_wconf 81' lang='grc' dir='ltr'>Ἀναβησίνεώς</span> <span class='ocrx_word' id='word_1_78' title='bbox 1715 1271 1778 1297; x_wconf 89' lang='grc' dir='ltr'>τε.</span> <span class='ocrx_word' id='word_1_79' title='bbox 2040 1320 2042 1323; x_wconf 14' lang='grc' dir='ltr'><strong><em>Δ</em></strong></span> 
     </span>
     <span class='ocr_line' id='line_1_12' title="bbox 370 1368 2160 1449; baseline 0.001 -22"><span class='ocrx_word' id='word_1_80' title='bbox 370 1368 594 1446; x_wconf 83' lang='lat' dir='ltr'>Ecquis</span> <span class='ocrx_word' id='word_1_81' title='bbox 625 1370 866 1429; x_wconf 89' lang='lat' dir='ltr'>dubitet</span> <span class='ocrx_word' id='word_1_82' title='bbox 895 1372 958 1429; x_wconf 92' lang='lat' dir='ltr'>in</span> <span class='ocrx_word' id='word_1_83' title='bbox 990 1372 1211 1430; x_wconf 87' lang='lat' dir='ltr'>talibus</span> <span class='ocrx_word' id='word_1_84' title='bbox 1251 1371 1460 1430; x_wconf 93' lang='lat' dir='ltr'>ludere</span> <span class='ocrx_word' id='word_1_85' title='bbox 1491 1371 1745 1431; x_wconf 92' lang='lat' dir='ltr'>Poetam</span> <span class='ocrx_word' id='word_1_86' title='bbox 1785 1371 1966 1449; x_wconf 90' lang='lat' dir='ltr'>paulo</span> <span class='ocrx_word' id='word_1_87' title='bbox 2011 1370 2160 1429; x_wconf 90' lang='lat' dir='ltr'>libe-</span> 
     </span>
     <span class='ocr_line' id='line_1_13' title="bbox 367 1461 2154 1547; baseline 0.002 -22"><span class='ocrx_word' id='word_1_88' title='bbox 367 1469 507 1537; x_wconf 88' lang='lat' dir='ltr'>rius,</span> <span class='ocrx_word' id='word_1_89' title='bbox 555 1470 711 1546; x_wconf 88' lang='lat' dir='ltr'>siqui</span> <span class='ocrx_word' id='word_1_90' title='bbox 757 1487 1056 1528; x_wconf 88' lang='lat' dir='ltr'>summam</span> <span class='ocrx_word' id='word_1_91' title='bbox 1092 1490 1293 1529; x_wconf 92' lang='lat' dir='ltr'>rerum</span> <span class='ocrx_word' id='word_1_92' title='bbox 1331 1471 1394 1528; x_wconf 90' lang='lat' dir='ltr'>in</span> <span class='ocrx_word' id='word_1_93' title='bbox 1430 1461 1687 1528; x_wconf 80' lang='lat' dir='ltr'>nauticis</span> <span class='ocrx_word' id='word_1_94' title='bbox 1732 1471 1861 1528; x_wconf 87' lang='lat' dir='ltr'>istis</span> <span class='ocrx_word' id='word_1_95' title='bbox 1904 1470 2154 1547; x_wconf 84' lang='lat' dir='ltr'>argutiis</span> 
     </span>
     <span class='ocr_line' id='line_1_14' title="bbox 368 1568 2161 1648; baseline 0.001 -23"><span class='ocrx_word' id='word_1_96' title='bbox 368 1586 593 1644; x_wconf 92' lang='lat' dir='ltr'>ponere</span> <span class='ocrx_word' id='word_1_97' title='bbox 623 1568 874 1627; x_wconf 70' lang='lat' dir='ltr'>amant?</span> <span class='ocrx_word' id='word_1_98' title='bbox 937 1569 978 1626; x_wconf 87' lang='lat' dir='ltr'>J</span> <span class='ocrx_word' id='word_1_99' title='bbox 981 1589 1077 1627; x_wconf 90' lang='lat' dir='ltr'>am</span> <span class='ocrx_word' id='word_1_100' title='bbox 1109 1589 1232 1627; x_wconf 91' lang='lat' dir='ltr'>non</span> <span class='ocrx_word' id='word_1_101' title='bbox 1262 1569 1426 1628; x_wconf 91' lang='lat' dir='ltr'>aliud</span> <span class='ocrx_word' id='word_1_102' title='bbox 1457 1577 1672 1628; x_wconf 89' lang='lat' dir='ltr'>sonant</span> <span class='ocrx_word' id='word_1_103' title='bbox 1702 1589 1788 1639; x_wconf 90' lang='lat' dir='ltr'>ea,</span> <span class='ocrx_word' id='word_1_104' title='bbox 1816 1590 1946 1648; x_wconf 84' lang='lat' dir='ltr'>quae</span> <span class='ocrx_word' id='word_1_105' title='bbox 1976 1569 2161 1627; x_wconf 87' lang='lat' dir='ltr'>habet</span> 
     </span>
     <span class='ocr_line' id='line_1_15' title="bbox 361 1665 1169 1744; baseline 0 -17"><span class='ocrx_word' id='word_1_106' title='bbox 361 1668 770 1744; x_wconf 87' lang='lat' dir='ltr'>jactabundus</span> <span class='ocrx_word' id='word_1_107' title='bbox 801 1665 1169 1728; x_wconf 78' lang='lat' dir='ltr'>Alcinoush:</span> 
     </span>
    </p>
   </div>
   <div class='ocr_carea' id='block_1_3' title="bbox 610 1780 1787 2290">
    <p class='ocr_par' dir='ltr' id='par_1_6' title="bbox 613 1780 1538 1847">
     <span class='ocr_line' id='line_1_16' title="bbox 613 1780 1538 1847; baseline 0.003 -16"><span class='ocrx_word' id='word_1_108' title='bbox 613 1787 664 1832; x_wconf 85' lang='grc' dir='ltr'>οὗ</span> <span class='ocrx_word' id='word_1_109' title='bbox 683 1787 770 1846; x_wconf 85' lang='grc' dir='ltr'>γὰρ</span> <span class='ocrx_word' id='word_1_110' title='bbox 793 1780 1037 1844; x_wconf 77' lang='grc' dir='ltr'>Φαιήκεσσι</span> <span class='ocrx_word' id='word_1_111' title='bbox 1059 1782 1376 1847; x_wconf 82' lang='grc' dir='ltr'>κυβερνητῆρες</span> <span class='ocrx_word' id='word_1_112' title='bbox 1396 1788 1538 1842; x_wconf 73' lang='grc' dir='ltr'>ἔασιν,</span> 
     </span>
    </p>

    <p class='ocr_par' dir='ltr' id='par_1_7' title="bbox 610 1860 1787 2290">
     <span class='ocr_line' id='line_1_17' title="bbox 612 1860 1716 1921; baseline 0.002 -15"><span class='ocrx_word' id='word_1_113' title='bbox 612 1860 718 1906; x_wconf 79' lang='grc' dir='ltr'>οὐδέ</span> <span class='ocrx_word' id='word_1_114' title='bbox 736 1880 778 1907; x_wconf 94' lang='grc' dir='ltr'>τι</span> <span class='ocrx_word' id='word_1_115' title='bbox 799 1860 975 1918; x_wconf 84' lang='grc' dir='ltr'>πηδάλι’</span> <span class='ocrx_word' id='word_1_116' title='bbox 999 1861 1113 1915; x_wconf 84' lang='grc' dir='ltr'>ἐστὶ,</span> <span class='ocrx_word' id='word_1_117' title='bbox 1135 1860 1224 1906; x_wconf 77' lang='grc' dir='ltr'>τότ’</span> <span class='ocrx_word' id='word_1_118' title='bbox 1246 1861 1381 1906; x_wconf 73' lang='grc' dir='ltr'>ἄλλαι</span> <span class='ocrx_word' id='word_1_119' title='bbox 1403 1864 1500 1920; x_wconf 87' lang='grc' dir='ltr'>νῆες</span> <span class='ocrx_word' id='word_1_120' title='bbox 1520 1862 1716 1921; x_wconf 75' lang='grc' dir='ltr'>ἔχουσιν·</span> 
     </span>
     <span class='ocr_line' id='line_1_18' title="bbox 613 1931 1713 1995; baseline 0.002 -17"><span class='ocrx_word' id='word_1_121' title='bbox 613 1933 715 1978; x_wconf 83' lang='grc' dir='ltr'>ἀλλ’</span> <span class='ocrx_word' id='word_1_122' title='bbox 738 1934 864 1979; x_wconf 80' lang='grc' dir='ltr'>αὐταὶ</span> <span class='ocrx_word' id='word_1_123' title='bbox 883 1931 1015 1980; x_wconf 79' lang='grc' dir='ltr'>’ίσασι</span> <span class='ocrx_word' id='word_1_124' title='bbox 1037 1933 1230 1993; x_wconf 84' lang='grc' dir='ltr'>νοήματα</span> <span class='ocrx_word' id='word_1_125' title='bbox 1251 1936 1321 1980; x_wconf 86' lang='grc' dir='ltr'>καὶ</span> <span class='ocrx_word' id='word_1_126' title='bbox 1342 1935 1509 1995; x_wconf 83' lang='grc' dir='ltr'>φρένας</span> <span class='ocrx_word' id='word_1_127' title='bbox 1529 1935 1713 1994; x_wconf 82' lang='grc' dir='ltr'>ἀνδρῶν,</span> 
     </span>
     <span class='ocr_line' id='line_1_19' title="bbox 614 2006 1657 2069; baseline 0.004 -17"><span class='ocrx_word' id='word_1_128' title='bbox 614 2008 685 2053; x_wconf 83' lang='grc' dir='ltr'>καὶ</span> <span class='ocrx_word' id='word_1_129' title='bbox 704 2006 877 2054; x_wconf 84' lang='grc' dir='ltr'>πάντων</span> <span class='ocrx_word' id='word_1_130' title='bbox 897 2006 1028 2054; x_wconf 81' lang='grc' dir='ltr'>ἰ’σασι</span> <span class='ocrx_word' id='word_1_131' title='bbox 1048 2011 1208 2056; x_wconf 91' lang='grc' dir='ltr'>πόλιας</span> <span class='ocrx_word' id='word_1_132' title='bbox 1229 2010 1299 2054; x_wconf 83' lang='grc' dir='ltr'>καὶ</span> <span class='ocrx_word' id='word_1_133' title='bbox 1319 2009 1474 2056; x_wconf 87' lang='grc' dir='ltr'>πίονας</span> <span class='ocrx_word' id='word_1_134' title='bbox 1493 2008 1657 2069; x_wconf 83' lang='grc' dir='ltr'>ἀγροὺς</span> 
     </span>
     <span class='ocr_line' id='line_1_20' title="bbox 610 2081 1787 2142; baseline 0 -15"><span class='ocrx_word' id='word_1_135' title='bbox 610 2082 864 2142; x_wconf 82' lang='grc' dir='ltr'>ἀνθρώπων·</span> <span class='ocrx_word' id='word_1_136' title='bbox 899 2083 968 2127; x_wconf 81' lang='grc' dir='ltr'>καὶ</span> <span class='ocrx_word' id='word_1_137' title='bbox 989 2085 1154 2141; x_wconf 83' lang='grc' dir='ltr'>λαῖτμα</span> <span class='ocrx_word' id='word_1_138' title='bbox 1172 2081 1359 2142; x_wconf 84' lang='grc' dir='ltr'>τάχισθ’.</span> <span class='ocrx_word' id='word_1_139' title='bbox 1373 2083 1482 2129; x_wconf 85' lang='grc' dir='ltr'>ἁλὸς</span> <span class='ocrx_word' id='word_1_140' title='bbox 1503 2082 1787 2142; x_wconf 83' lang='grc' dir='ltr'>ἐκπερόωσιν,</span> 
     </span>
     <span class='ocr_line' id='line_1_21' title="bbox 613 2154 1743 2217; baseline 0.002 -17"><span class='ocrx_word' id='word_1_141' title='bbox 613 2154 708 2216; x_wconf 83' lang='grc' dir='ltr'>ἠέρι</span> <span class='ocrx_word' id='word_1_142' title='bbox 729 2157 799 2201; x_wconf 85' lang='grc' dir='ltr'>καὶ</span> <span class='ocrx_word' id='word_1_143' title='bbox 820 2158 991 2217; x_wconf 84' lang='grc' dir='ltr'>νεφέλῃ</span> <span class='ocrx_word' id='word_1_144' title='bbox 1013 2158 1342 2217; x_wconf 82' lang='grc' dir='ltr'>κεκαλυμμέναι·</span> <span class='ocrx_word' id='word_1_145' title='bbox 1377 2157 1481 2202; x_wconf 79' lang='grc' dir='ltr'>οὐδέ</span> <span class='ocrx_word' id='word_1_146' title='bbox 1498 2157 1610 2203; x_wconf 91' lang='grc' dir='ltr'>ποτέ</span> <span class='ocrx_word' id='word_1_147' title='bbox 1629 2158 1743 2216; x_wconf 92' lang='grc' dir='ltr'>σφιν</span> 
     </span>
     <span class='ocr_line' id='line_1_22' title="bbox 615 2230 1702 2290; baseline 0 -15"><span class='ocrx_word' id='word_1_148' title='bbox 615 2230 720 2276; x_wconf 81' lang='grc' dir='ltr'>οὐδέ</span> <span class='ocrx_word' id='word_1_149' title='bbox 740 2249 782 2276; x_wconf 92' lang='grc' dir='ltr'>τι</span> <span class='ocrx_word' id='word_1_150' title='bbox 802 2231 1075 2290; x_wconf 84' lang='grc' dir='ltr'>πημανθῆναι</span> <span class='ocrx_word' id='word_1_151' title='bbox 1097 2232 1169 2276; x_wconf 86' lang='grc' dir='ltr'>ε’πὶ</span> <span class='ocrx_word' id='word_1_152' title='bbox 1190 2232 1303 2285; x_wconf 87' lang='grc' dir='ltr'>δέος,</span> <span class='ocrx_word' id='word_1_153' title='bbox 1326 2231 1415 2277; x_wconf 82' lang='grc' dir='ltr'>οὐδ’</span> <span class='ocrx_word' id='word_1_154' title='bbox 1438 2231 1702 2277; x_wconf 80' lang='grc' dir='ltr'>ἀπολέσθαι.</span> 
     </span>
    </p>
   </div>
   <div class='ocr_carea' id='block_1_4' title="bbox 374 2322 2220 3299">
    <p class='ocr_par' dir='ltr' id='par_1_8' title="bbox 374 2322 2164 2606">
     <span class='ocr_line' id='line_1_23' title="bbox 375 2322 2162 2407; baseline -0.003 -19"><span class='ocrx_word' id='word_1_155' title='bbox 375 2329 620 2407; x_wconf 90' lang='lat' dir='ltr'>Nempe</span> <span class='ocrx_word' id='word_1_156' title='bbox 664 2329 952 2387; x_wconf 88' lang='lat' dir='ltr'>eximiam</span> <span class='ocrx_word' id='word_1_157' title='bbox 998 2329 1298 2405; x_wconf 90' lang='lat' dir='ltr'>quandam</span> <span class='ocrx_word' id='word_1_158' title='bbox 1343 2334 1545 2386; x_wconf 87' lang='lat' dir='ltr'>narrat</span> <span class='ocrx_word' id='word_1_159' title='bbox 1597 2334 1730 2385; x_wconf 91' lang='lat' dir='ltr'>tum</span> <span class='ocrx_word' id='word_1_160' title='bbox 1777 2322 2162 2384; x_wconf 86' lang='lat' dir='ltr'>velocitatem</span> 
     </span>
     <span class='ocr_line' id='line_1_24' title="bbox 374 2425 2164 2507; baseline -0.002 -20"><span class='ocrx_word' id='word_1_161' title='bbox 374 2430 675 2507; x_wconf 88' lang='lat' dir='ltr'>remigum</span> <span class='ocrx_word' id='word_1_162' title='bbox 703 2435 839 2486; x_wconf 92' lang='lat' dir='ltr'>tum</span> <span class='ocrx_word' id='word_1_163' title='bbox 870 2428 1218 2498; x_wconf 83' lang='lat' dir='ltr'>scientiam3</span> <span class='ocrx_word' id='word_1_164' title='bbox 1265 2427 1537 2486; x_wconf 90' lang='lat' dir='ltr'>crederes</span> <span class='ocrx_word' id='word_1_165' title='bbox 1565 2444 1783 2485; x_wconf 86' lang='lat' dir='ltr'>navem</span> <span class='ocrx_word' id='word_1_166' title='bbox 1813 2426 1942 2484; x_wconf 91' lang='lat' dir='ltr'>sine</span> <span class='ocrx_word' id='word_1_167' title='bbox 1973 2425 2164 2495; x_wconf 84' lang='lat' dir='ltr'>clav0,</span> 
     </span>
     <span class='ocr_line' id='line_1_25' title="bbox 377 2528 2014 2606; baseline -0.002 -20"><span class='ocrx_word' id='word_1_168' title='bbox 377 2529 506 2586; x_wconf 93' lang='lat' dir='ltr'>sine</span> <span class='ocrx_word' id='word_1_169' title='bbox 534 2528 958 2606; x_wconf 84' lang='lat' dir='ltr'>gubernatore,</span> <span class='ocrx_word' id='word_1_170' title='bbox 990 2536 1171 2605; x_wconf 92' lang='lat' dir='ltr'>portu</span> <span class='ocrx_word' id='word_1_171' title='bbox 1199 2528 1401 2605; x_wconf 88' lang='lat' dir='ltr'>potiri.</span> <span class='ocrx_word' id='word_1_172' title='bbox 2012 2531 2014 2533; x_wconf 81' lang='grc'><strong>’</strong></span> 
     </span>
    </p>

    <p class='ocr_par' dir='ltr' id='par_1_9' title="bbox 376 2625 2220 3299">
     <span class='ocr_line' id='line_1_26' title="bbox 463 2625 2166 2705; baseline -0.002 -19"><span class='ocrx_word' id='word_1_173' title='bbox 463 2626 556 2686; x_wconf 90' lang='lat' dir='ltr'>At</span> <span class='ocrx_word' id='word_1_174' title='bbox 630 2628 810 2697; x_wconf 86' lang='lat' dir='ltr'>enim,</span> <span class='ocrx_word' id='word_1_175' title='bbox 869 2635 941 2686; x_wconf 96' lang='lat' dir='ltr'>ut</span> <span class='ocrx_word' id='word_1_176' title='bbox 1014 2626 1158 2697; x_wconf 85' lang='lat' dir='ltr'>dixi,</span> <span class='ocrx_word' id='word_1_177' title='bbox 1222 2646 1444 2705; x_wconf 83' lang='lat' dir='ltr'>magno</span> <span class='ocrx_word' id='word_1_178' title='bbox 1507 2625 1817 2703; x_wconf 91' lang='lat' dir='ltr'>dispendio</span> <span class='ocrx_word' id='word_1_179' title='bbox 1892 2625 2166 2684; x_wconf 89' lang='lat' dir='ltr'>constitit</span> 
     </span>
     <span class='ocr_line' id='line_1_27' title="bbox 378 2724 2169 2788; baseline -0.002 -3"><span class='ocrx_word' id='word_1_180' title='bbox 378 2726 673 2787; x_wconf 86' lang='lat' dir='ltr'>Phaeaciae</span> <span class='ocrx_word' id='word_1_181' title='bbox 710 2729 974 2788; x_wconf 91' lang='lat' dir='ltr'>textoria</span> <span class='ocrx_word' id='word_1_182' title='bbox 1017 2727 1121 2786; x_wconf 87' lang='lat' dir='ltr'>illa</span> <span class='ocrx_word' id='word_1_183' title='bbox 1162 2735 1225 2786; x_wconf 93' lang='lat' dir='ltr'>et</span> <span class='ocrx_word' id='word_1_184' title='bbox 1265 2724 1621 2785; x_wconf 88' lang='lat' dir='ltr'>navicularis</span> <span class='ocrx_word' id='word_1_185' title='bbox 1663 2726 1995 2783; x_wconf 87' lang='lat' dir='ltr'>industria:</span> <span class='ocrx_word' id='word_1_186' title='bbox 2042 2724 2169 2783; x_wconf 90' lang='lat' dir='ltr'>lan-</span> 
     </span>
     <span class='ocr_line' id='line_1_28' title="bbox 376 2823 2169 2905; baseline -0.001 -21"><span class='ocrx_word' id='word_1_187' title='bbox 376 2846 563 2905; x_wconf 85' lang='lat' dir='ltr'>guere</span> <span class='ocrx_word' id='word_1_188' title='bbox 592 2827 925 2904; x_wconf 88' lang='lat' dir='ltr'>paullatim,</span> <span class='ocrx_word' id='word_1_189' title='bbox 952 2847 1092 2886; x_wconf 91' lang='lat' dir='ltr'>cum</span> <span class='ocrx_word' id='word_1_190' title='bbox 1117 2826 1429 2904; x_wconf 90' lang='lat' dir='ltr'>opulentia</span> <span class='ocrx_word' id='word_1_191' title='bbox 1458 2845 1582 2895; x_wconf 89' lang='lat' dir='ltr'>sua,</span> <span class='ocrx_word' id='word_1_192' title='bbox 1613 2825 1715 2883; x_wconf 85' lang='lat' dir='ltr'>“in</span> <span class='ocrx_word' id='word_1_193' title='bbox 1740 2833 1880 2882; x_wconf 93' lang='lat' dir='ltr'>cute</span> <span class='ocrx_word' id='word_1_194' title='bbox 1904 2823 2169 2882; x_wconf 89' lang='lat' dir='ltr'>curanda</span> 
     </span>
     <span class='ocr_line' id='line_1_29' title="bbox 377 2921 2167 3004; baseline -0.002 -21"><span class='ocrx_word' id='word_1_195' title='bbox 377 2925 513 3002; x_wconf 86' lang='lat' dir='ltr'>plus</span> <span class='ocrx_word' id='word_1_196' title='bbox 544 2946 713 3004; x_wconf 86' lang='lat' dir='ltr'>aequo</span> <span class='ocrx_word' id='word_1_197' title='bbox 746 2933 993 3004; x_wconf 89' lang='lat' dir='ltr'>operata</span> <span class='ocrx_word' id='word_1_198' title='bbox 1013 2925 1358 3003; x_wconf 89' lang='lat' dir='ltr'>juventus.”</span> <span class='ocrx_word' id='word_1_199' title='bbox 1419 2923 1788 2994; x_wconf 82' lang='lat' dir='ltr'>Quinetiam,</span> <span class='ocrx_word' id='word_1_200' title='bbox 1813 2923 1973 2999; x_wconf 92' lang='lat' dir='ltr'>quod</span> <span class='ocrx_word' id='word_1_201' title='bbox 2004 2921 2167 2998; x_wconf 90' lang='lat' dir='ltr'>plebi</span> 
     </span>
     <span class='ocr_line' id='line_1_30' title="bbox 377 3022 2165 3095; baseline -0.002 -13"><span class='ocrx_word' id='word_1_202' title='bbox 377 3024 620 3083; x_wconf 85' lang='lat' dir='ltr'>urbanae</span> <span class='ocrx_word' id='word_1_203' title='bbox 679 3024 926 3084; x_wconf 86' lang='lat' dir='ltr'>solenne</span> <span class='ocrx_word' id='word_1_204' title='bbox 985 3033 1094 3095; x_wconf 90' lang='lat' dir='ltr'>est,</span> <span class='ocrx_word' id='word_1_205' title='bbox 1156 3032 1377 3083; x_wconf 88' lang='lat' dir='ltr'>saturae</span> <span class='ocrx_word' id='word_1_206' title='bbox 1447 3022 1635 3082; x_wconf 88' lang='lat' dir='ltr'>semel</span> <span class='ocrx_word' id='word_1_207' title='bbox 1705 3029 1769 3081; x_wconf 93' lang='lat' dir='ltr'>et</span> <span class='ocrx_word' id='word_1_208' title='bbox 1833 3022 2165 3089; x_wconf 76' lang='lat' dir='ltr'>desidiosae,</span> 
     </span>
     <span class='ocr_line' id='line_1_31' title="bbox 376 3119 2220 3199; baseline -0.001 -19"><span class='ocrx_word' id='word_1_209' title='bbox 376 3122 643 3180; x_wconf 93' lang='lat' dir='ltr'>multum</span> <span class='ocrx_word' id='word_1_210' title='bbox 675 3123 866 3180; x_wconf 88' lang='lat' dir='ltr'>valuit</span> <span class='ocrx_word' id='word_1_211' title='bbox 896 3123 960 3180; x_wconf 91' lang='lat' dir='ltr'>in</span> <span class='ocrx_word' id='word_1_212' title='bbox 990 3142 1062 3180; x_wconf 91' lang='lat' dir='ltr'>ea</span> <span class='ocrx_word' id='word_1_213' title='bbox 1091 3123 1339 3180; x_wconf 86' lang='lat' dir='ltr'>civitate</span> <span class='ocrx_word' id='word_1_214' title='bbox 1370 3121 1542 3180; x_wconf 88' lang='lat' dir='ltr'>malae</span> <span class='ocrx_word' id='word_1_215' title='bbox 1573 3130 1636 3181; x_wconf 93' lang='lat' dir='ltr'>et</span> <span class='ocrx_word' id='word_1_216' title='bbox 1666 3120 1919 3180; x_wconf 87' lang='lat' dir='ltr'>effraenis</span> <span class='ocrx_word' id='word_1_217' title='bbox 1949 3121 2168 3199; x_wconf 85' lang='lat' dir='ltr'>linguae</span> <span class='ocrx_word' id='word_1_218' title='bbox 2217 3119 2220 3122; x_wconf 63' lang='grc'><strong><em>’</em></strong></span> 
     </span>
     <span class='ocr_line' id='line_1_32' title="bbox 377 3218 2067 3299; baseline -0.001 -19"><span class='ocrx_word' id='word_1_219' title='bbox 377 3221 659 3281; x_wconf 88' lang='lat' dir='ltr'>licentia:</span> <span class='ocrx_word' id='word_1_220' title='bbox 707 3222 783 3281; x_wconf 90' lang='lat' dir='ltr'>de</span> <span class='ocrx_word' id='word_1_221' title='bbox 813 3241 932 3299; x_wconf 88' lang='lat' dir='ltr'>qua</span> <span class='ocrx_word' id='word_1_222' title='bbox 960 3222 1290 3299; x_wconf 89' lang='lat' dir='ltr'>prudenter</span> <span class='ocrx_word' id='word_1_223' title='bbox 1320 3218 1663 3291; x_wconf 60' lang='lat' dir='ltr'>Nausicaai,</span> <span class='ocrx_word' id='word_1_224' title='bbox 1693 3225 1821 3290; x_wconf 80' lang='grc' dir='ltr'>τῶν,</span> <span class='ocrx_word' id='word_1_225' title='bbox 1854 3222 2067 3298; x_wconf 89' lang='lat' dir='ltr'>inquit,</span> 
     </span>
    </p>
   </div>
   <div class='ocr_carea' id='block_1_5' title="bbox 620 3367 1751 3502">
    <p class='ocr_par' dir='ltr' id='par_1_10' title="bbox 620 3367 1751 3502">
     <span class='ocr_line' id='line_1_33' title="bbox 739 3367 1646 3429; baseline -0.002 -15"><span class='ocrx_word' id='word_1_226' title='bbox 739 3369 921 3415; x_wconf 84' lang='grc' dir='ltr'>ἀλεείνω</span> <span class='ocrx_word' id='word_1_227' title='bbox 941 3371 1080 3429; x_wconf 86' lang='grc' dir='ltr'>φῆμιν</span> <span class='ocrx_word' id='word_1_228' title='bbox 1100 3367 1296 3420; x_wconf 83' lang='grc' dir='ltr'>ἀδευκέα,</span> <span class='ocrx_word' id='word_1_229' title='bbox 1318 3367 1444 3426; x_wconf 85' lang='grc' dir='ltr'>μήτις</span> <span class='ocrx_word' id='word_1_230' title='bbox 1466 3367 1646 3413; x_wconf 83' lang='grc' dir='ltr'>ὀπίσσω</span> 
     </span>
     <span class='ocr_line' id='line_1_34' title="bbox 620 3442 1751 3502; baseline -0.003 -13"><span class='ocrx_word' id='word_1_231' title='bbox 620 3443 811 3502; x_wconf 84' lang='grc' dir='ltr'>μωμεύῃ·</span> <span class='ocrx_word' id='word_1_232' title='bbox 844 3442 962 3501; x_wconf 85' lang='grc' dir='ltr'>μάλα</span> <span class='ocrx_word' id='word_1_233' title='bbox 983 3442 1020 3487; x_wconf 86' lang='grc' dir='ltr'>δ’</span> <span class='ocrx_word' id='word_1_234' title='bbox 1042 3443 1157 3488; x_wconf 85' lang='grc' dir='ltr'>εἶσὶν</span> <span class='ocrx_word' id='word_1_235' title='bbox 1177 3442 1447 3501; x_wconf 84' lang='grc' dir='ltr'>ὑπερφίαλοι</span> <span class='ocrx_word' id='word_1_236' title='bbox 1469 3442 1577 3487; x_wconf 84' lang='grc' dir='ltr'>κατὰ</span> <span class='ocrx_word' id='word_1_237' title='bbox 1599 3442 1751 3499; x_wconf 88' lang='grc' dir='ltr'>δῆμον.</span> 
     </span>
    </p>
   </div>
   <div class='ocr_carea' id='block_1_6' title="bbox 500 3651 2049 3713">
    <p class='ocr_par' dir='ltr' id='par_1_11' title="bbox 500 3651 2049 3713">
     <span class='ocr_line' id='line_1_35' title="bbox 500 3651 2049 3713; baseline -0.003 -13"><span class='ocrx_word' id='word_1_238' title='bbox 500 3661 518 3692; x_wconf 68' lang='lat' dir='ltr'>g</span> <span class='ocrx_word' id='word_1_239' title='bbox 556 3655 646 3700; x_wconf 87' lang='lat' dir='ltr'>Od.</span> <span class='ocrx_word' id='word_1_240' title='bbox 669 3655 759 3700; x_wconf 89' lang='lat' dir='ltr'>viii.</span> <span class='ocrx_word' id='word_1_241' title='bbox 784 3669 888 3713; x_wconf 86' lang='lat'><strong>311.</strong></span> <span class='ocrx_word' id='word_1_242' title='bbox 1223 3654 1250 3685; x_wconf 83' lang='lat' dir='ltr'>h</span> <span class='ocrx_word' id='word_1_243' title='bbox 1280 3654 1371 3699; x_wconf 76' lang='lat' dir='ltr'>viii,</span> <span class='ocrx_word' id='word_1_244' title='bbox 1395 3664 1499 3712; x_wconf 76' lang='lat'>557,</span> <span class='ocrx_word' id='word_1_245' title='bbox 1817 3651 1830 3682; x_wconf 64' lang='grc' dir='ltr'>ἱ</span> <span class='ocrx_word' id='word_1_246' title='bbox 1863 3652 1921 3697; x_wconf 86' lang='lat' dir='ltr'>vi.</span> <span class='ocrx_word' id='word_1_247' title='bbox 1947 3662 2049 3713; x_wconf 87' lang='lat'><strong>273.</strong></span> 
     </span>
    </p>
   </div>
  </div>
 </body>
</html>
