2320 4126
171 287 328 320 PRAEL.
350 286 404 317 11.
440 265 732 334 praesertim
756 282 1034 324 sacrorum,
1061 272 1107 315 et
1132 265 1348 315 maxime
1371 264 1764 333 sepulchrormn.
1855 269 1921 317 21

170 449 175 452 .
256 402 431 469 Quid,
464 402 620 475 quod
652 415 855 456 omnes
900 401 972 455 ad
1011 416 1196 455 unam*
1231 398 1491 463 coloniae,
1524 417 1654 471 quae
1685 398 1919 471 quidem

171 499 232 552 in
272 515 455 552 vacua
496 496 785 562 venerint,
817 495 1108 562 villarum,
1149 494 1404 560 urbium,
1435 492 1758 548 fluviorum
1791 512 1925 549 cara

171 599 349 667 atque
404 597 547 647 nota
609 591 849 646 nomina
907 591 981 646 de
1046 589 1236 664 patria
1301 607 1502 644 secum
1562 588 1925 662 deportanda

172 686 436 743 curant?
507 685 680 752 Quod
722 705 756 741 a
786 684 1171 740 Doriensibus
1213 684 1274 738 in
1321 682 1524 739 Sicilia
1550 682 1924 751 factitatum,

172 801 328 837 nunc
358 799 611 855 quoque,
644 787 777 853 post
825 787 916 835 ter
953 778 1118 834 mille
1155 796 1355 844 annos,
1393 796 1429 833 a
1464 779 1825 834 nostratibus
1863 779 1925 833 in

175 875 352 932 Novo
380 875 578 949 (quem
606 876 844 950 vocant)
867 873 1028 930 Orbe
1051 892 1225 948 quam
1252 872 1687 948 religiosissime
1712 874 1927 929 servari

173 972 462 1027 audimus.

258 1066 469 1122 Dicam
522 1068 775 1140 denique
834 1066 993 1140 quod
1045 1066 1311 1121 omnium
1363 1070 1452 1121 est
1499 1064 1927 1140 gravissimum,

171 1162 296 1218 sive
339 1162 414 1217 ad
453 1162 715 1218 locorum
758 1162 1130 1227 desiderium,
1179 1162 1302 1216 sive
1346 1160 1419 1216 ad
1467 1161 1587 1216 vim
1633 1161 1929 1234 quandam

175 1256 429 1314 Poeseos
458 1258 716 1313 nativam
742 1264 921 1330 atque
952 1257 1279 1331 ingenitam
1301 1262 1549 1330 spectes.
1634 1255 1806 1311 Nihil
1837 1262 1927 1312 est

173 1353 330 1425 quod
365 1353 554 1408 acrius
587 1351 871 1408 sollicitet
912 1351 1209 1425 simplices
1253 1351 1563 1409 hominum
1605 1353 1927 1427 agrestium

171 1447 412 1514 animOS,
445 1467 621 1522 quam
652 1454 719 1502 ut
744 1448 941 1503 omnia
971 1445 1098 1514 sibi,
1130 1447 1250 1503 vita
1280 1447 1516 1512 functiS,
1548 1454 1713 1503 recte
1749 1453 1929 1520 atque

172 1544 378 1598 ordine
407 1544 587 1610 fiant3
627 1550 697 1598 ut
726 1544 785 1597 in
818 1542 941 1598 solo
973 1542 1173 1608 natali,
1197 1543 1355 1598 inter
1378 1550 1611 1617 patrum
1638 1542 1930 1617 reliquiaS,

175 1646 316 1695 noto
347 1646 584 1696 sacratae
615 1640 768 1695 sedis
799 1639 1034 1715 angulo,
1065 1645 1267 1694 tutum
1298 1639 1768 1714 inviolatumque
1808 1657 1935 1694 cor-

174 1755 283 1810 pus
341 1737 621 1809 quiescat.
741 1735 956 1808 Neque
1019 1753 1154 1790 vero
1222 1735 1589 1808 exquisitam
1637 1735 1931 1808 quandam

177 1831 530 1904 opinionem,
590 1836 694 1886 aut
751 1830 958 1904 paucis
1022 1831 1199 1885 modo
1257 1831 1555 1905 cognitam
1603 1840 1931 1886 narramus.

177 1926 622 1982 Recenseantur
678 1944 882 1982 omnes
934 1926 1219 1999 cujusque
1271 1927 1407 2001 pagi
1466 1926 1774 2002 agricolae3
1834 1927 1934 1982 vix

175 2039 356 2075 unum
402 2027 581 2094 atque
625 2020 876 2075 alterum
926 2019 1248 2092 reperietis,
1282 2020 1407 2094 (qui
1452 2022 1632 2077 modo
1676 2022 1819 2095 quid
1862 2022 1935 2077 de

174 2134 237 2171 se
262 2116 528 2170 futurum
561 2116 635 2171 sit
668 2115 816 2171 serio
847 2115 1164 2188 aliquando
1195 2116 1392 2170 animo
1416 2117 1666 2191 cogitet)
1692 2118 1934 2190 quinon

175 2211 463 2284 ejusmodi
494 2229 596 2284 spe
634 2216 1005 2285 senectutem
1038 2228 1202 2265 suam
1237 2217 1687 2285 egestatemque
1717 2211 1935 2266 foveat.

260 2304 355 2361 Ac
405 2305 607 2372 nolite,
653 2325 864 2380 quaeSO,
916 2312 1142 2380 putare,
1181 2304 1546 2372 Academici,
1596 2326 1760 2362 mera
1810 2325 1936 2362 esse

174 2402 288 2457 ista
328 2401 703 2457 delirantium
752 2402 1010 2458 somnia:
1058 2402 1220 2475 quasi
1262 2421 1400 2458 vero
1441 2404 1684 2459 credant
1731 2403 1936 2459 insulsi

178 2497 460 2563 homineS,
492 2516 726 2553 sensum
769 2498 967 2553 nescio
999 2516 1174 2571 quem
1206 2498 1266 2552 in
1299 2517 1542 2572 corpore
1575 2499 1669 2555 vel
1700 2506 1934 2555 mortuo

178 2592 393 2648 doloris
446 2599 550 2649 aut
596 2593 933 2668 ignominiae
983 2611 1343 2649 mansurum.
1443 2593 1585 2651 Non
1638 2595 1752 2650 ista
1798 2602 1935 2650 sunt

177 2690 529 2745 rusticorum
568 2689 749 2744 animi
787 2706 978 2761 neque
1009 2689 1341 2762 ignorantia
1379 2708 1573 2762 neque
1606 2690 1934 2763 impietate.

180 2783 411 2841 Verum
467 2783 787 2838 morientes
837 2782 1170 2838 immortali·
1216 2801 1415 2838 amore
1466 2783 1626 2840 locos
1670 2785 1826 2858 ipsos
1871 2803 1934 2841 se

179 2876 451 2952 prosequi
501 2883 815 2944 testantur,
847 2895 992 2951 quos
1043 2877 1103 2932 in
1157 2877 1316 2932 omni
1364 2879 1489 2935 vita
1538 2898 1655 2953 prae
1703 2881 1934 2936 caeteris

179 2973 494 3028 honoratos
523 2978 702 3046 atque
733 2990 895 3028 caros
924 2972 1275 3027 habuerunt.
1364 2971 1487 3029 Ubi
1520 2984 1656 3029 cum
1687 2975 1937 3030 viventi-

180 3068 289 3124 bus
335 3069 537 3125 amicis
582 3067 713 3125 Deo
752 3068 1022 3135 litabant,
1070 3069 1172 3125 ubi
1217 3069 1342 3125 fato
1386 3069 1606 3126 functis
1656 3069 1937 3125 ultimum

181 3162 606 3230 valedixerunt,
635 3164 717 3219 ibi
748 3182 852 3221 sua
880 3183 1116 3238 quoque
1147 3182 1291 3231 ossa,
1323 3172 1613 3239 quantum
1645 3165 1704 3219 in
1738 3183 1801 3221 se
1832 3173 1941 3231 est,

182 3258 418 3313 recondi
449 3257 674 3314 volunt.
765 3258 902 3315 Hoc
933 3266 1267 3315 extremum
1300 3266 1480 3333 atque
1511 3260 1659 3314 adeo
1697 3260 1942 3320 sanctis-2-

183 3352 395 3409 simum
442 3354 694 3427 pietatiS,
740 3356 1104 3419 reverentiae,
1151 3355 1423 3410 desiderii
1477 3356 1938 3421 documentum3

182 3447 295 3504 hoc
325 3449 460 3525 aegri
492 3448 898 3524 qualecunque
928 3450 1142 3505 amoris
1173 3448 1434 3504 solamen
1459 3469 1473 3515 ς
1517 3449 1631 3506 hoc
1661 3453 1941 3507 memoris

184 3543 363 3599 animi
411 3546 817 3600 testimonium
873 3543 1122 3601 Summo
1171 3543 1423 3599 Numini
1475 3564 1593 3601 non
1642 3546 1938 3620 ingratum

185 3654 246 3693 se
276 3639 450 3695 edere
480 3646 710 3713 putant,
743 3646 979 3714 sperant
1010 3640 1247 3713 quidem
1280 3646 1458 3695 certe.
