2320 4126
174 247 326 280 Pam„
348 246 419 279 x1.
507 224 841 295 Polyphemus
863 224 920 274 in
944 222 1152 273 arietem
1169 236 1314 270 suum
1337 219 1565 270 tenerior.
1810 218 1915 268 183

173 385 241 423 ea
270 364 532 421 barbarie
567 363 832 418 infames,
920 357 1073 414 Fieri
1119 361 1318 411 tamen
1363 353 1559 427 potuit
1597 358 1666 407 ut
1710 369 1914 407 eorum

172 460 436 537 mapalia,
468 460 646 534 siquis
675 459 736 513 in
767 476 836 514 ea
865 473 1050 512 vacua
1080 452 1354 516 venisset,
1392 467 1510 505 non
1539 448 1917 504 mediocriter

169 558 427 615 animum
458 562 692 611 motura
731 555 864 620 sint,
896 552 1113 608 rustica
1143 547 1395 623 quadam
1428 554 1489 603 et
1526 564 1730 602 secura
1770 563 1918 619 opu-

170 655 367 712 lentia.

250 750 449 807 Unum
483 748 711 815 addam,
743 745 897 821 quod
933 761 1104 819 paene
1133 741 1411 817 praeterii,
1436 759 1512 795 ne
1542 739 1694 795 forte
1731 738 1919 812 suspi-

165 853 332 904 cetur
359 845 568 919 aliquis
597 863 715 899 non
746 843 900 899 bene
937 839 1250 896 convenire
1286 857 1422 895 cum
1461 837 1646 894 atroci
1677 836 1914 912 ingenio

164 942 509 1018 Polyphemi
554 957 884 997 sermonem
929 956 1065 993 cum
1115 937 1305 993 ariete
1353 934 1645 1002 habitum,
1697 933 1925 990 suavis-

164 1039 321 1096 simis
352 1038 665 1096 versibusu.

394 1158 482 1215 κριὲ
502 1157 653 1208 πέπον,
674 1156 716 1200 τί
734 1174 809 1212 μοι
828 1155 911 1198 ὦδε
932 1155 1001 1198 διὰ
1023 1152 1159 1198 σπέος
1179 1154 1318 1197 ἔσσυο
1339 1151 1488 1209 μήλων

395 1227 605 1280 ὕστατοςς
639 1231 730 1271 οὔτι
750 1226 886 1285 πάρος
904 1244 957 1284 γε
975 1225 1255 1281 λελείμμενος
1275 1225 1420 1282 ἔρχεαι
1442 1224 1561 1275 ozam,

390 1300 506 1343 ἀλλὰ
524 1299 638 1343 πολὺ
658 1303 828 1356 πρῶτος
849 1297 991 1354 νέμεαι
1012 1295 1144 1352 τέρεν’
1167 1295 1298 1340 ἄνθεα
1315 1295 1456 1351 ποίης,

392 1371 532 1427 μακρὰ
551 1369 695 1423 βιβάς·
729 1374 899 1427 πρῶτος
920 1368 971 1411 δὲ
987 1366 1090 1426 ῥοὰς
1109 1371 1312 1423 ποταμῶν
1332 1366 1574 1424 ἀφικάνεις-

397 1446 568 1499 πρῶτος
588 1442 634 1484 δὲ
656 1440 897 1497 στάθμονδε
917 1440 1107 1483 λιλαίεαι
1127 1439 1389 1483 ἀπονέεσθαι

394 1514 608 1572 ἑσπερίος·
642 1517 715 1557 νῦν
734 1512 836 1557 αὖτε
854 1511 1139 1557 πανύστατος·
1173 1510 1197 1567 ἧ
1221 1510 1279 1556 σῦ
1301 1511 1341 1570 γ’
1364 1511 1549 1556 ἄνακτος

392 1586 622 1644 ὀφθαλμὸν
639 1584 810 1631 ποθέεις
825 1603 838 1637 ;
871 1586 947 1628 τὸν
966 1584 1071 1641 ἀνὴρ
1094 1583 1218 1629 κάκος
1239 1583 1504 1641 ἐξαλάωσεν.
1523 1618 1533 1627 .
1555 1618 1564 1627 .
1583 1618 1598 1628 .

391 1659 428 1702 εἰ
449 1659 500 1715 δὴ
523 1657 818 1716 ὁμοφρονέοις.
849 1655 1136 1714 ποτιφωνήεις
1156 1674 1203 1700 τε
1222 1654 1379 1713 γένοιο,

392 1732 539 1783 εἰπεῖν,
562 1730 677 1786 ὅππη
699 1733 835 1776 κεῖνος
856 1730 957 1785 ἐμὸν
976 1728 1100 1786 με’νος
1120 1726 1367 1784 ἠλασκάζει.

161 1831 358 1889 Petita
397 1841 534 1889 sunt
579 1832 703 1889 haec
753 1832 827 1888 ab
866 1831 1076 1888 intima
1122 1829 1393 1887 Natura:
1461 1849 1598 1888 nam
1642 1830 1910 1888 homines

157 1927 416 2002 alioquin
473 1928 765 1985 durissimi
815 1947 933 1983 non
984 1946 1112 1983 raro
1167 1928 1457 1983 teneriore
1515 1934 1652 1983 sunt
1710 1926 1908 1983 indole

158 2044 294 2101 erga
332 2043 505 2081 canes
535 2043 668 2081 suos
714 2031 775 2080 et
819 2042 1016 2098 equos,
1048 2032 1110 2079 et
1150 2025 1196 2079 si
1229 2042 1406 2098 quam
1451 2022 1619 2079 alunt
1658 2023 1909 2079 bestiam

158 2122 338 2178 animi
379 2140 586 2178 causa:
631 2120 909 2177 videlicet
946 2120 1393 2195 erumpentibus
1423 2120 1587 2194 quasi
1618 2119 1907 2187 scintilliS,

157 2237 299 2292 quas
369 2219 529 2275 intus
602 2217 825 2284 fovent,
884 2216 1244 2273 humanioris
1316 2216 1554 2293 ingenii.
1672 2216 1908 2293 Quippe

156 2315 371 2371 morosi
402 2322 464 2371 et
493 2322 723 2371 atroces
752 2306 850 2371 isti
879 2313 1102 2370 habent
1141 2314 1492 2389 plerumque
1537 2333 1655 2370 non
1698 2333 1906 2389 parum

153 2412 526 2486 arrogantiae:
570 2411 755 2486 pudet
786 2411 1065 2487 pigetque
1105 2430 1302 2467 coram
1333 2411 1587 2467 testibus
1628 2411 1904 2487 mitigari,

156 2515 217 2564 et
274 2507 568 2564 molliores
627 2507 940 2582 aliquando
1005 2507 1165 2574 fieri;
1246 2507 1446 2581 itaque
1518 2507 1714 2563 nescio
1788 2526 1905 2582 quo

154 2604 435 2662 instinctu
481 2623 580 2661 eos
627 2605 738 2660 sibi
785 2595 1054 2680 deligunt
1113 2606 1350 2670 amicOS,
1403 2605 1503 2678 qui
1554 2606 1777 2660 nemini
1828 2625 1903 2661 ne

152 2700 368 2756 mutire
398 2700 636 2774 quidem
666 2700 907 2774 possint.
997 2698 1237 2755 Norunt
1268 2718 1471 2756 omnes
1500 2719 1719 2774 equum
1749 2699 1905 2755 Cali-

150 2794 316 2870 gulae,
348 2787 566 2851 Tiberii
597 2795 944 2851 draconem:
990 2813 1183 2869 neque
1213 2795 1372 2851 aliud
1403 2795 1649 2853 fortasse
1686 2796 1902 2871 agebat

153 2897 525 2965 contemptor
567 2891 668 2947 ille
707 2891 930 2946 Divum
970 2890 1327 2958 MezentiuS,
1365 2911 1583 2966 equum
1624 2891 1901 2949 flebiliter

151 3004 217 3042 ac
248 2987 506 3043 suaviter
533 2987 682 3043 adeo
712 2986 1006 3043 allocutus
1018 2995 1064 3054 X,

385 3105 570 3157 Rhoebe,
594 3105 686 3157 diu,
708 3121 778 3150 res
801 3106 839 3150 si
859 3122 948 3165 qua
969 3106 1047 3150 diu
1068 3108 1330 3152 mortalibus
1351 3109 1442 3152 ulla
1461 3115 1543 3159 est,

382 3176 588 3221 Viximus
593 3210 1475 3224 ...............................

146 3276 487 3334 Pertinebat
516 3279 722 3354 utique
758 3279 833 3335 ad
870 3281 1058 3356 ipsam
1100 3281 1548 3348 humanitatem,
1579 3275 1796 3357 asperis
1825 3303 1893 3340 ac

145 3371 492 3429 truculentis
522 3374 696 3431 rebus
724 3374 1042 3431 immisceri
1074 3377 1341 3450 quaedam
1374 3378 1608 3433 mitiore
1642 3396 1805 3435 vena.

383 3567 408 3589 u
441 3559 528 3603 Od.
551 3561 609 3604 ix.
633 3572 735 3618 447.
1299 3573 1322 3594 x
1355 3565 1461 3609 AEn.
1485 3582 1528 3610 x,
1552 3566 1652 3610 861.
