2320 4126
178 298 332 330 PRAEL.
360 292 415 329 x,
643 275 873 344 emempla
898 274 959 326 de
986 273 1145 325 ventis
1169 280 1212 323 et
1236 269 1461 322 nubibus.
1827 271 1923 320 151

179 412 578 488 contemplari,
630 413 732 469 sed
787 429 897 467 usu
950 408 1207 484 peritum
1265 405 1458 472 maris,
1518 404 1763 470 viarum,
1822 405 1933 460 mi-

183 513 320 568 litiae
330 521 374 566 g.

411 591 464 633 Οἱ
486 589 547 640 δὲ,
568 588 680 646 μέγα
699 584 974 645 φρονέοντες,
997 585 1067 629 ἐπὶ
1087 583 1323 640 πτολέμοιο
1343 580 1556 641 γεφύραις

411 659 525 703 εἴατο
546 658 785 717 παννυχίσι·
819 657 933 715 πυρὰ
953 655 1003 700 δέ
1022 658 1160 714 σφισι
1181 655 1322 699 καίετο
1341 653 1503 698 πολλά.

410 732 468 777 ὡς
489 730 524 775 δ’
548 730 608 775 ὅτ’
632 731 677 774 ἐν
697 730 861 790 οὗράνῳ
883 730 1025 787 ἄστρα
1045 728 1225 787 φαείνην
1244 728 1359 785 ἀμφι
1381 725 1566 783 σελήνην

406 802 572 860 φαίνετ’
594 801 846 860 ἇριπρέπεα,
869 800 942 845 ὅτε
962 800 998 844 τ’
1021 801 1178 844 ἔπλετο
1200 798 1375 856 νῆνεμος
1394 797 1534 856 αἴθηρ·

411 874 456 917 ἐκ
478 873 513 917 τ’
537 875 695 931 ἔφανεν
714 875 853 917 πᾶσαι
876 872 1054 917 σκοπίαι
1076 873 1146 916 καὶ
1165 873 1356 930 πρωόνες
1375 870 1515 929 ἄκραι,

409 947 476 989 καὶ
497 946 638 990 νάπαι·
666 944 898 1002 οὐρανόθεν
919 943 954 987 δ’
978 943 1042 1002 ἄρ’
1065 942 1282 1001 ὑπεῤῥάγη
1305 943 1495 987 ἄσπετος
1517 939 1658 998 αἵθηρ·

403 1018 541 1061 πάντα
561 1016 610 1060 δέ
629 1015 664 1061 τ’
687 1014 843 1060 εἴδεται
864 1014 1020 1073 ἄστρα·
1052 1015 1210 1074 γέγηθε
1232 1014 1281 1058 δέ
1300 1033 1347 1058 τε
1368 1013 1510 1072 φρένα
1529 1012 1700 1069 ποίμην.

407 1090 566 1142 τοσσᾶ,
588 1089 759 1147 μεσηγὺ
780 1093 884 1133 νεῶν
904 1089 979 1145 ἥδε
1000 1087 1183 1133 Ξάνθοιο
1204 1087 1358 1146 ῥοάων,

403 1163 558 1218 Τρώων
578 1163 780 1205 καιόντων
798 1159 914 1217 πυρὰ
933 1159 1113 1217 φαίνετο
1131 1158 1284 1202 Ἰλίοθι
1303 1160 1406 1216 πρό.

176 1252 514 1331 Intelligitis
584 1254 943 1331 profundum
1008 1260 1070 1310 et
1142 1253 1433 1328 liquidum
1504 1270 1661 1321 aera,
1722 1257 1926 1308 aestate

173 1352 380 1419 media,
425 1350 750 1427 procelloso
787 1359 1073 1426 tempore,
1118 1350 1363 1407 remotis
1413 1348 1710 1424 paulisper
1755 1348 1929 1404 nubi-

175 1448 314 1505 bus:
361 1447 613 1515 Lunam,
650 1457 889 1523 peraeta
919 1448 1048 1522 jam
1088 1454 1298 1522 quarta
1326 1446 1450 1503 fere
1492 1446 1582 1502 sui
1625 1451 1812 1520 parte,
1843 1445 1927 1500 ita

172 1542 440 1600 universo
489 1543 720 1619 fulgere
770 1542 937 1609 eoeIO,
996 1548 1067 1597 ut
1126 1543 1382 1598 minores
1442 1559 1688 1616 quaeque
1740 1539 1926 1597 stellae

171 1639 571 1706 obscurentur,
631 1640 881 1714 majores
932 1646 1252 1713 appareant
1307 1639 1384 1694 ad
1441 1657 1622 1695 unam
1680 1655 1924 1694 omnes:

172 1741 300 1791 tum
349 1736 643 1791 montium
681 1736 845 1811 juga,
898 1741 1026 1791 tum
1075 1734 1298 1792 litoreae
1347 1754 1541 1810 rupeS,
1596 1741 1744 1801 tum,
1795 1753 1926 1808 quae

169 1832 288 1888 sint
331 1831 559 1907 sylvosa
601 1831 747 1899 loca,
784 1851 912 1907 quae
954 1832 1128 1899 nuda,
1169 1833 1270 1889 vix
1315 1833 1554 1889 demum
1602 1832 1796 1888 cerni:
1850 1850 1926 1887 ne

169 1932 391 1984 temere
441 1927 501 1983 id
547 1927 720 2002 adjici
781 1933 969 2001 puteS‚
1023 1925 1292 1983 exultare
1345 1925 1670 1991 Pastorem,
1723 1933 1925 1982 vetere

171 2022 331 2079 velut
360 2023 592 2098 hospite
623 2024 745 2079 viso
775 2023 992 2079 iterum
1023 2021 1200 2098 longo
1231 2030 1365 2099 post
1397 2029 1682 2098 tempore.

253 2117 460 2176 Alium
491 2119 688 2176 locum
718 2120 1122 2195 expendamus
1142 2115 1203 2176 ¹¹:

403 2226 500 2272 Εῧτ’
524 2226 646 2286 ὄρεος
667 2229 889 2286 κορυφῇσι
911 2229 1052 2273 Νότος
1072 2227 1300 2286 κατέχευεν
1321 2229 1523 2286 ὁμίχλην,

401 2299 604 2357 ποιμέσιν
623 2302 721 2344 οὔτε
741 2300 891 2357 φίλην,
914 2299 1075 2357 κλέπτῃ
1098 2300 1148 2344 δέ
1167 2319 1213 2344 τε
1234 2302 1383 2347 νυκτὸς
1403 2300 1575 2357 ἀμείνω,

398 2374 567 2417 τοσσόν
587 2372 652 2417 τίς
671 2371 706 2416 τ’
730 2371 1000 2425 ἐπιλεύσσει,
1022 2372 1131 2417 ὅσον
1151 2373 1187 2417 τ’
1211 2373 1282 2417 ἐπὶ
1302 2375 1408 2419 λᾶος
1428 2371 1579 2431 ε’ρωὴν.

172 2459 403 2517 Satisne
442 2460 608 2518 vobis
640 2461 875 2518 videtur
903 2461 1200 2519 declarare
1235 2461 1499 2518 animum
1528 2459 1920 2536 pastoralibus

167 2556 319 2614 euris
358 2557 690 2614 exereitum
730 2564 792 2614 et
835 2557 1152 2624 intentum,
1183 2558 1341 2632 quod
1380 2576 1500 2613 non
1538 2562 1609 2613 ut
1652 2555 1919 2631 plerique

169 2671 246 2736 ex
274 2654 567 2729 adjunctis
607 2663 808 2730 captat
853 2662 1144 2722 ornatum,
1180 2656 1282 2712 sed
1324 2654 1489 2731 gregi
1533 2654 1737 2711 statim
1775 2653 1919 2728 quid

167 2757 375 2807 noceat
398 2752 658 2827 cogitare
683 2751 901 2827 eoepit?
962 2751 1122 2807 Illud
1146 2758 1349 2808 autem
1368 2751 1552 2808 cuivis
1573 2751 1918 2826 inpromptu

166 2843 289 2902 fore
329 2847 694 2914 crediderim,
738 2866 916 2922 quam
955 2847 1108 2904 bene
1150 2848 1409 2904 referant
1451 2847 1513 2903 hi
1557 2864 1757 2903 versus
1800 2846 1920 2903 usi-

169 2947 359 2998 tatum
388 2941 643 3000 hominis
672 2943 952 3000 rusticani
976 2962 1326 3010 sermonem,
1347 2962 1453 3000 sua
1482 2961 1715 3018 semper
1735 2961 1917 3018 pensa

167 3037 523 3104 meditantis,
554 3039 676 3095 sive
706 3039 780 3096 de
810 3039 1152 3098 fluminibus
1192 3047 1253 3097 et
1293 3040 1488 3116 sylvis,
1519 3040 1641 3097 sive
1672 3040 1746 3096 de
1781 3039 1914 3096 coeli

164 3135 635 3208 tempestatibus,
687 3135 809 3193 sive
868 3135 942 3191 de
1000 3134 1115 3192 alia
1169 3156 1234 3193 re
1292 3137 1568 3212 quapiam
1626 3135 1916 3192 habeatur

162 3230 423 3301 quaestio,

243 3324 440 3382 Tertio
483 3326 614 3384 loeo
660 3329 899 3385 veniant
948 3327 1053 3384 illa
1098 3328 1172 3384 de
1212 3329 1371 3385 unda
1413 3328 1608 3395 maris,
1652 3326 1912 3384 tenebris

160 3417 365 3490 procul
392 3418 891 3479 inhorrescentei:

393 3531 449 3576 ὧς
470 3531 506 3575 δ’
528 3530 588 3576 ὅτ’
611 3533 693 3577 ὑπὸ
716 3537 897 3591 σκοπιῆς
918 3531 1029 3578 εἶδεν
1050 3534 1180 3593 νέφος
1201 3533 1381 3581 αἴπολος
1401 3535 1523 3592 ἀνὴρ,

392 3601 623 3660 ἐρχόμενον
644 3605 749 3649 κατὰ
768 3606 927 3650 πόντον
946 3606 1029 3649 ὑπὸ
1051 3606 1265 3664 Ζεφύροιο
1288 3607 1382 3663 ἶωῆς

333 3706 351 3731 δ’
385 3700 438 3743 11.
460 3701 551 3746 viii.
575 3713 676 3760 553.
984 3704 1003 3728 ⁸¹
1036 3705 1095 3748 iii.
1124 3720 1191 3749 10.
1505 3706 1513 3731 ἱ
1544 3722 1602 3750 iv.
1628 3718 1727 3763 274.
