2320 4126
242 281 399 320 PRAEL.
423 285 513 318 xx,
631 263 737 315 Gur
760 280 819 314 ea
843 274 1202 329 nwnwnquam
1229 252 1404 328 linqua
1430 251 1635 309 koereat'.
1891 251 1993 309 371

246 412 485 472 Videtis
541 427 659 468 non
716 417 840 466 tam
900 407 1180 464 delectari
1238 405 1425 482 gloria
1485 403 1766 478 conjugis,
1821 414 1999 475 quam

246 503 415 565 irasci
445 508 602 583 quod
639 507 766 581 ipsa
803 505 1005 562 nimiae
1042 501 1407 560 credulitatis
1443 499 1817 576 arguebatur.
1903 497 1999 553 Ac

245 617 321 661 ne
361 601 475 660 ista
502 601 742 678 quidem
780 602 941 677 prius
984 600 1153 658 effert
1183 617 1361 674 quam
1391 598 1570 654 fuerit
1610 615 1646 653 a
1674 594 1869 652 Choro
1898 594 2001 651 ad-

248 698 475 755 monita
491 694 517 731 ¹¹
539 710 552 754 τ’

598 784 744 847 δόμοις
766 790 812 834 δὲ
834 793 966 834 ταῦτα
986 786 1054 832 καὶ
1076 787 1437 845 Κλυταιμνήστρᾳ
1457 788 1607 845 μέλειν

599 859 710 908 einos
729 862 937 919 μάλιστα,
961 861 1042 905 σὺν
1064 860 1110 904 δὲ
1131 860 1377 914 πλουτίζειν
1397 859 1484 917 ἐμέ.

251 959 502 1034 Deinde,
535 964 629 1023 cui
672 984 791 1022 non
835 965 1076 1022 cordato
1118 965 1292 1021 datur
1330 959 1673 1039 suspicionis
1716 972 2001 1037 perquam

248 1060 472 1120 acerbae
501 1062 680 1129 locus,
705 1057 859 1137 quod
886 1062 1104 1118 coactis
1133 1061 1281 1117 adeo
1311 1059 1552 1117 vocibus
1582 1058 1806 1116 salvere
1825 1057 2002 1132 jubet

251 1159 441 1215 visum
472 1160 713 1215 tandem
743 1151 921 1234 longo
951 1165 1085 1233 post
1115 1165 1383 1232 tempore
1403 1152 1458 1214 i?

601 1271 753 1329 ἄνδρες
771 1273 962 1323 πολῖται,
983 1271 1182 1329 πρέσβος
1199 1270 1409 1329 Ἀργείων
1429 1270 1542 1322 τόδε,

601 1343 678 1386 οὐκ
698 1343 985 1400 αἰσχυνοῦμαι
1006 1343 1105 1390 τοὺς
1124 1345 1367 1401 φιλανόρας
1386 1344 1571 1399 τρόπους

601 1414 726 1470 λέξαι
746 1416 856 1473 πρὸς
875 1416 998 1472 ὑμᾶςε

250 1515 448 1587 Quam
483 1515 648 1574 nullo
683 1529 918 1593 prorsus
948 1516 1166 1573 affectu
1195 1514 1444 1573 rumoris
1487 1507 1760 1572 meminit
1791 1507 2006 1588 saepius

250 1614 438 1671 auditi
469 1614 542 1671 de
572 1624 763 1670 morte
794 1609 1139 1690 conjugisk!

603 1716 672 1765 καὶ
692 1714 945 1779 τραυμάτων
964 1713 1042 1778 μὲν
1062 1721 1099 1764 εἷ
1120 1720 1265 1766 τόσων
1284 1710 1518 1779 ε’τῧγχανειί

603 1795 708 1852 ἀνὴρ
732 1793 811 1846 ὅδ’,
834 1794 891 1839 ὣς
911 1795 1021 1851 πρὸς
1041 1791 1158 1838 οἶκον
1178 1789 1412 1852 ὠχετεύετο

603 1867 748 1924 φάτιέ,
770 1865 975 1924 τέτρωται
997 1865 1168 1910 δικτύου
1187 1867 1308 1910 πλέω
1327 1866 1487 1924 λέγειν.4

255 1972 450 2041 Quam
480 1972 688 2048 putide
719 1991 780 2029 se
811 1979 1007 2029 narrat
1038 1971 1246 2029 confici
1277 1970 1564 2046 lacrymis,
1590 1970 1819 2046 vigiliis,
1853 1988 2008 2026 som-

254 2070 365 2126 niis
408 2067 548 2126 mali
593 2068 836 2126 ominis!
882 2076 1013 2125 tum
1055 2067 1472 2125 similitudines
1503 2067 1576 2123 de
1605 2067 1779 2122 trivio
1810 2085 2007 2142 sump-

252 2171 344 2222 tas
382 2165 616 2242 ingerit,
649 2179 909 2222 amorem
953 2166 1249 2240 quendam
1290 2183 1534 2240 operose
1575 2164 1852 2239 fingendo
1898 2164 2008 2218 mi*

252 2261 412 2318 nime
441 2263 514 2319 ad
544 2279 812 2320 normam
843 2262 965 2318 veri
995 2263 1209 2319 amoris
1227 2257 1277 2318 ¹:

602 2383 766 2442 λέγοιμ’
788 2378 840 2428 ἂν
859 2383 993 2442 ἄνδρα
1013 2378 1136 2428 τόνδε
1157 2388 1242 2428 τῶν
1263 2383 1468 2440 σταθμῶν·
1487 2381 1607 2434 κύνας

603 2458 779 2513 σωτῆρα
799 2457 897 2501 udos
915 2458 1141 2514 πρότονον,
1163 2456 1340 2514 ὑψηλῆς
1360 2455 1518 2513 στέγης

606 2527 771 2573 στύλον
789 2527 972 2586 ποδήρη,
993 2528 1221 2586 μονογενὲς
1239 2527 1386 2572 τέκνον
1404 2529 1553 2585 πατρὶ,-

605 2600 672 2643 καὶ
693 2599 774 2659 γὴν
794 2601 1008 2657 φανεῖσαν
1029 2596 1244 2645 ναυτίλοις
1263 2598 1362 2656 παρ’
1384 2597 1556 2651 ἐλπίδα,

606 2673 844 2717 κάλλιστον
863 2672 975 2729 ἦμαρ
998 2673 1175 2717 εἰσιδεῖν
1196 2673 1240 2716 ἐκ
1261 2672 1477 2730 χείματος,

606 2745 819 2804 ὁδοιπόρῳ
840 2745 1025 2802 διψῶντι
1045 2742 1228 2803 πηγαΐον
1246 2743 1357 2802 ῥέος.

336 2852 466 2911 Hos
509 2860 711 2910 autem
762 2873 1059 2912 sermones
1115 2854 1249 2912 ideo
1302 2844 1647 2912 excitandos
1704 2846 2004 2930 putabam,

250 2958 319 3008 ut
365 2952 505 3008 satis
544 2958 860 3020 constaret,
901 2951 998 3009 vel
1042 2953 1240 3027 impiae
1287 2951 1374 3008 illi
1421 2959 1483 3008 et
1527 2952 1711 3008 atroci
1758 2951 2006 3028 Reginae

250 3047 482 3104 haesisse
531 3067 956 3123 nonnunquam
1008 3050 1272 3106 animum
1316 3056 1378 3106 et
1422 3048 1701 3125 linguam,
1746 3057 2006 3104 venturae

237 3143 492 3217 justitiae
532 3150 715 3201 metU.
805 3144 1022 3220 Neque
1053 3164 1191 3203 vero
1236 3165 1306 3202 ea
1349 3164 1441 3202 res
1470 3144 1734 3202 Chorum
1775 3144 2003 3211 fefellit,

252 3259 328 3297 ne
379 3240 566 3298 otiose
610 3242 849 3315 quidem
893 3243 1243 3309 adstantem,
1277 3243 1419 3317 quin
1458 3243 1522 3309 is,
1555 3242 1695 3316 quid
1735 3242 1846 3298 sibi
1885 3241 2007 3298 vel-

254 3335 380 3393 lent
429 3336 623 3414 longae
667 3337 930 3397 mulieris
981 3339 1275 3415 ambageS,
1326 3337 1508 3396 semel
1559 3345 1739 3413 atque
1785 3339 2005 3395 iterum

252 3433 579 3490 miraretur.
668 3433 855 3491 Verbi
899 3435 1104 3512 gratia,
1147 3434 1487 3492 Praeconem
1532 3434 1621 3491 his
1668 3434 2004 3509 alloquitur,

311 3613 336 3644 h
367 3615 519 3671 Aqam.
541 3614 643 3673 568.
782 3615 808 3646 =i
839 3616 952 3659 Ibid.
976 3616 1076 3658 828.
1228 3616 1252 3646 k
1284 3616 1397 3661 Ibid.
1420 3617 1521 3674 839.
1664 3617 1676 3647 1
1709 3618 1818 3660 Ibid.
1842 3617 1945 3674 869.

1039 3708 1076 3746 B
1107 3692 1146 3748 b
1180 3697 1216 3748 2
