<?xml version="1.0" encoding="UTF-8"?>
<!DOCTYPE html PUBLIC "-//W3C//DTD XHTML 1.0 Transitional//EN"
    "http://www.w3.org/TR/xhtml1/DTD/xhtml1-transitional.dtd">
<html xmlns="http://www.w3.org/1999/xhtml" xml:lang="en" lang="en">
 <head>
  <title>
</title>
<meta http-equiv="Content-Type" content="text/html;charset=utf-8" />
  <meta name='ocr-system' content='tesseract 3.04.00' />
  <meta name='ocr-capabilities' content='ocr_page ocr_carea ocr_par ocr_line ocrx_word'/>
</head>
<body>
  <div class='ocr_page' id='page_1' title='image "./a588873901kebluoft_0096.png"; bbox 0 0 2320 4126; ppageno 0'>
   <div class='ocr_carea' id='block_1_1' title="bbox 353 211 2156 269">
    <p class='ocr_par' dir='ltr' id='par_1_1' title="bbox 353 211 2156 269">
     <span class='ocr_line' id='line_1_1' title="bbox 353 211 2156 269; baseline 0.001 -3"><span class='ocrx_word' id='word_1_1' title='bbox 353 211 428 266; x_wconf 88' lang='lat'>86</span> <span class='ocrx_word' id='word_1_2' title='bbox 449 265 453 268; x_wconf 82' lang='grc'><em>,</em></span> <span class='ocrx_word' id='word_1_3' title='bbox 665 215 963 268; x_wconf 72' lang='lat' dir='ltr'>Cavendum</span> <span class='ocrx_word' id='word_1_4' title='bbox 988 233 1050 268; x_wconf 73' lang='lat' dir='ltr'>ne</span> <span class='ocrx_word' id='word_1_5' title='bbox 1077 215 1282 269; x_wconf 68' lang='lat' dir='ltr'>Saeoalo</span> <span class='ocrx_word' id='word_1_6' title='bbox 1308 215 1533 267; x_wconf 73' lang='lat' dir='ltr'>nimium</span> <span class='ocrx_word' id='word_1_7' title='bbox 1559 214 1840 268; x_wconf 69' lang='lat' dir='ltr'>tribuatur.</span> <span class='ocrx_word' id='word_1_8' title='bbox 1901 234 2060 269; x_wconf 83' lang='lat' dir='ltr'><strong>PRAEL.</strong></span> <span class='ocrx_word' id='word_1_9' title='bbox 2082 235 2156 268; x_wconf 85' lang='lat' dir='ltr'>v1.</span> 
     </span>
    </p>
   </div>
   <div class='ocr_carea' id='block_1_2' title="bbox 356 361 2210 441">
    <p class='ocr_par' dir='ltr' id='par_1_2' title="bbox 356 361 2210 441">
     <span class='ocr_line' id='line_1_2' title="bbox 356 361 2210 441; baseline -0.001 -19"><span class='ocrx_word' id='word_1_10' title='bbox 356 363 696 441; x_wconf 87' lang='lat' dir='ltr'>Scriptoris‚</span> <span class='ocrx_word' id='word_1_11' title='bbox 752 383 883 422; x_wconf 89' lang='lat' dir='ltr'>esse</span> <span class='ocrx_word' id='word_1_12' title='bbox 944 364 1187 432; x_wconf 83' lang='lat' dir='ltr'>omnia3</span> <span class='ocrx_word' id='word_1_13' title='bbox 1251 363 1421 420; x_wconf 86' lang='lat' dir='ltr'>fatali</span> <span class='ocrx_word' id='word_1_14' title='bbox 1476 361 1738 438; x_wconf 89' lang='lat' dir='ltr'>quodam</span> <span class='ocrx_word' id='word_1_15' title='bbox 1792 363 1937 421; x_wconf 89' lang='lat' dir='ltr'>orbe</span> <span class='ocrx_word' id='word_1_16' title='bbox 1989 371 2157 421; x_wconf 88' lang='lat' dir='ltr'>actos</span> <span class='ocrx_word' id='word_1_17' title='bbox 2208 393 2210 395; x_wconf 24' lang='lat' dir='ltr'>v</span> 
     </span>
    </p>
   </div>
   <div class='ocr_carea' id='block_1_3' title="bbox 354 461 2162 623">
    <p class='ocr_par' dir='ltr' id='par_1_3' title="bbox 354 461 2162 623">
     <span class='ocr_line' id='line_1_3' title="bbox 354 461 2161 539; baseline 0.001 -20"><span class='ocrx_word' id='word_1_18' title='bbox 354 464 595 539; x_wconf 91' lang='lat' dir='ltr'>prodire</span> <span class='ocrx_word' id='word_1_19' title='bbox 647 463 873 539; x_wconf 90' lang='lat' dir='ltr'>ingenii</span> <span class='ocrx_word' id='word_1_20' title='bbox 929 482 1169 539; x_wconf 92' lang='lat' dir='ltr'>quoque</span> <span class='ocrx_word' id='word_1_21' title='bbox 1228 463 1461 519; x_wconf 89' lang='lat' dir='ltr'>fructus</span> <span class='ocrx_word' id='word_1_22' title='bbox 1513 469 1576 518; x_wconf 92' lang='lat' dir='ltr'>et</span> <span class='ocrx_word' id='word_1_23' title='bbox 1638 461 1987 520; x_wconf 90' lang='lat' dir='ltr'>literarum:</span> <span class='ocrx_word' id='word_1_24' title='bbox 2048 462 2161 520; x_wconf 88' lang='lat' dir='ltr'>ita-</span> 
     </span>
     <span class='ocr_line' id='line_1_4' title="bbox 355 545 2162 623; baseline -0.001 -18"><span class='ocrx_word' id='word_1_25' title='bbox 355 567 492 622; x_wconf 85' lang='lat' dir='ltr'>que,</span> <span class='ocrx_word' id='word_1_26' title='bbox 548 567 689 605; x_wconf 91' lang='lat' dir='ltr'>cum</span> <span class='ocrx_word' id='word_1_27' title='bbox 745 547 1021 605; x_wconf 82' lang='lat' dir='ltr'>Homero</span> <span class='ocrx_word' id='word_1_28' title='bbox 1075 547 1404 604; x_wconf 87' lang='lat' dir='ltr'>vivendum</span> <span class='ocrx_word' id='word_1_29' title='bbox 1459 545 1643 603; x_wconf 89' lang='lat' dir='ltr'>fuerit</span> <span class='ocrx_word' id='word_1_30' title='bbox 1702 565 1943 623; x_wconf 90' lang='lat' dir='ltr'>asperos</span> <span class='ocrx_word' id='word_1_31' title='bbox 2000 547 2162 604; x_wconf 91' lang='lat' dir='ltr'>inter</span> 
     </span>
    </p>
   </div>
   <div class='ocr_carea' id='block_1_4' title="bbox 294 634 2166 2781">
    <p class='ocr_par' dir='ltr' id='par_1_4' title="bbox 294 634 2164 1808">
     <span class='ocr_line' id='line_1_5' title="bbox 294 634 2162 721; baseline 0.001 -20"><span class='ocrx_word' id='word_1_32' title='bbox 294 634 297 637; x_wconf 37' lang='lat'>¹</span> <span class='ocrx_word' id='word_1_33' title='bbox 353 645 816 719; x_wconf 90' lang='lat' dir='ltr'>incomptosque</span> <span class='ocrx_word' id='word_1_34' title='bbox 859 644 1033 710; x_wconf 86' lang='lat' dir='ltr'>viros,</span> <span class='ocrx_word' id='word_1_35' title='bbox 1076 644 1345 719; x_wconf 87' lang='lat' dir='ltr'>potuisse</span> <span class='ocrx_word' id='word_1_36' title='bbox 1398 662 1537 700; x_wconf 92' lang='lat' dir='ltr'>eum</span> <span class='ocrx_word' id='word_1_37' title='bbox 1596 644 1767 701; x_wconf 92' lang='lat' dir='ltr'>aiunt</span> <span class='ocrx_word' id='word_1_38' title='bbox 1814 644 2162 721; x_wconf 84' lang='lat' dir='ltr'>rhapsodias</span> 
     </span>
     <span class='ocr_line' id='line_1_6' title="bbox 354 739 2163 820; baseline 0 -20"><span class='ocrx_word' id='word_1_39' title='bbox 354 741 663 820; x_wconf 79' lang='lat' dir='ltr'>sigillatim</span> <span class='ocrx_word' id='word_1_40' title='bbox 698 740 966 816; x_wconf 78' lang='lat' dir='ltr'>exsequi,</span> <span class='ocrx_word' id='word_1_41' title='bbox 999 739 1258 797; x_wconf 79' lang='lat' dir='ltr'>Iliadem</span> <span class='ocrx_word' id='word_1_42' title='bbox 1300 759 1376 798; x_wconf 83' lang='lat' dir='ltr'>ex</span> <span class='ocrx_word' id='word_1_43' title='bbox 1424 740 1495 798; x_wconf 90' lang='lat' dir='ltr'>iis</span> <span class='ocrx_word' id='word_1_44' title='bbox 1537 761 1658 799; x_wconf 88' lang='lat' dir='ltr'>non</span> <span class='ocrx_word' id='word_1_45' title='bbox 1688 743 1957 818; x_wconf 91' lang='lat' dir='ltr'>potuisse</span> <span class='ocrx_word' id='word_1_46' title='bbox 1998 762 2163 800; x_wconf 89' lang='lat' dir='ltr'>com-</span> 
     </span>
     <span class='ocr_line' id='line_1_7' title="bbox 355 838 2160 918; baseline 0.001 -21"><span class='ocrx_word' id='word_1_47' title='bbox 355 859 595 917; x_wconf 83' lang='lat' dir='ltr'>ponere.</span> <span class='ocrx_word' id='word_1_48' title='bbox 703 839 854 908; x_wconf 81' lang='lat' dir='ltr'>Quae</span> <span class='ocrx_word' id='word_1_49' title='bbox 915 838 1161 915; x_wconf 90' lang='lat' dir='ltr'>quidem</span> <span class='ocrx_word' id='word_1_50' title='bbox 1222 840 1517 916; x_wconf 90' lang='lat' dir='ltr'>ejusmodi</span> <span class='ocrx_word' id='word_1_51' title='bbox 1578 848 1734 910; x_wconf 90' lang='lat' dir='ltr'>sunt,</span> <span class='ocrx_word' id='word_1_52' title='bbox 1799 847 1867 898; x_wconf 89' lang='lat' dir='ltr'>ut</span> <span class='ocrx_word' id='word_1_53' title='bbox 1927 860 1999 899; x_wconf 88' lang='lat' dir='ltr'>ea</span> <span class='ocrx_word' id='word_1_54' title='bbox 2058 843 2160 918; x_wconf 91' lang='lat' dir='ltr'>qui</span> 
     </span>
     <span class='ocr_line' id='line_1_8' title="bbox 354 937 2160 1007; baseline 0.001 -11"><span class='ocrx_word' id='word_1_55' title='bbox 354 938 543 997; x_wconf 90' lang='lat' dir='ltr'>semel</span> <span class='ocrx_word' id='word_1_56' title='bbox 571 938 766 996; x_wconf 91' lang='lat' dir='ltr'>verbis</span> <span class='ocrx_word' id='word_1_57' title='bbox 798 937 1155 1006; x_wconf 86' lang='lat' dir='ltr'>enunciarit,</span> <span class='ocrx_word' id='word_1_58' title='bbox 1179 937 1230 994; x_wconf 90' lang='lat' dir='ltr'>is</span> <span class='ocrx_word' id='word_1_59' title='bbox 1262 939 1511 996; x_wconf 88' lang='lat' dir='ltr'>omnino</span> <span class='ocrx_word' id='word_1_60' title='bbox 1540 939 1833 998; x_wconf 82' lang='lat' dir='ltr'>refutasse</span> <span class='ocrx_word' id='word_1_61' title='bbox 1865 940 2160 1007; x_wconf 87' lang='lat' dir='ltr'>videatur.</span> 
     </span>
     <span class='ocr_line' id='line_1_9' title="bbox 354 1037 2163 1113; baseline 0.002 -19"><span class='ocrx_word' id='word_1_62' title='bbox 354 1037 590 1113; x_wconf 82' lang='lat' dir='ltr'>Itaque,</span> <span class='ocrx_word' id='word_1_63' title='bbox 635 1037 885 1094; x_wconf 88' lang='lat' dir='ltr'>defessis</span> <span class='ocrx_word' id='word_1_64' title='bbox 925 1037 1259 1113; x_wconf 77' lang='lat' dir='ltr'>praesertim</span> <span class='ocrx_word' id='word_1_65' title='bbox 1301 1037 1565 1107; x_wconf 90' lang='lat' dir='ltr'>auribus,</span> <span class='ocrx_word' id='word_1_66' title='bbox 1597 1057 1719 1095; x_wconf 89' lang='lat' dir='ltr'>non</span> <span class='ocrx_word' id='word_1_67' title='bbox 1759 1038 1858 1097; x_wconf 90' lang='lat' dir='ltr'>hic</span> <span class='ocrx_word' id='word_1_68' title='bbox 1898 1040 2163 1098; x_wconf 88' lang='lat' dir='ltr'>rationes</span> 
     </span>
     <span class='ocr_line' id='line_1_10' title="bbox 352 1135 2163 1213; baseline 0.002 -21"><span class='ocrx_word' id='word_1_69' title='bbox 352 1136 659 1213; x_wconf 83' lang='lat' dir='ltr'>ingeram:</span> <span class='ocrx_word' id='word_1_70' title='bbox 726 1135 911 1192; x_wconf 91' lang='lat' dir='ltr'>modo</span> <span class='ocrx_word' id='word_1_71' title='bbox 966 1143 1139 1193; x_wconf 90' lang='lat' dir='ltr'>erant</span> <span class='ocrx_word' id='word_1_72' title='bbox 1192 1135 1610 1194; x_wconf 78' lang='lat' dir='ltr'>adolescentes</span> <span class='ocrx_word' id='word_1_73' title='bbox 1662 1137 2043 1205; x_wconf 88' lang='lat' dir='ltr'>admonendi,</span> <span class='ocrx_word' id='word_1_74' title='bbox 2084 1157 2163 1195; x_wconf 88' lang='lat' dir='ltr'>ne</span> 
     </span>
     <span class='ocr_line' id='line_1_11' title="bbox 353 1234 2164 1314; baseline 0.002 -23"><span class='ocrx_word' id='word_1_75' title='bbox 353 1234 596 1293; x_wconf 84' lang='lat' dir='ltr'>facilem</span> <span class='ocrx_word' id='word_1_76' title='bbox 636 1234 816 1291; x_wconf 89' lang='lat' dir='ltr'>nimis</span> <span class='ocrx_word' id='word_1_77' title='bbox 861 1252 1172 1293; x_wconf 83' lang='lat' dir='ltr'>assensum</span> <span class='ocrx_word' id='word_1_78' title='bbox 1220 1235 1559 1312; x_wconf 79' lang='lat' dir='ltr'>praeberent</span> <span class='ocrx_word' id='word_1_79' title='bbox 1603 1236 1756 1294; x_wconf 92' lang='lat' dir='ltr'>adeo</span> <span class='ocrx_word' id='word_1_80' title='bbox 1800 1236 1952 1293; x_wconf 89' lang='lat' dir='ltr'>nihil</span> <span class='ocrx_word' id='word_1_81' title='bbox 1995 1237 2164 1314; x_wconf 90' lang='lat' dir='ltr'>inge-</span> 
     </span>
     <span class='ocr_line' id='line_1_12' title="bbox 352 1333 2161 1411; baseline 0.001 -20"><span class='ocrx_word' id='word_1_82' title='bbox 352 1334 521 1391; x_wconf 89' lang='lat' dir='ltr'>niose</span> <span class='ocrx_word' id='word_1_83' title='bbox 579 1333 942 1411; x_wconf 80' lang='lat' dir='ltr'>agentibus:</span> <span class='ocrx_word' id='word_1_84' title='bbox 1010 1353 1165 1392; x_wconf 87' lang='lat' dir='ltr'>neve</span> <span class='ocrx_word' id='word_1_85' title='bbox 1216 1333 1454 1392; x_wconf 83' lang='lat' dir='ltr'>Saeculo</span> <span class='ocrx_word' id='word_1_86' title='bbox 1511 1340 1750 1392; x_wconf 88' lang='lat' dir='ltr'>tantum</span> <span class='ocrx_word' id='word_1_87' title='bbox 1804 1334 2161 1404; x_wconf 77' lang='lat' dir='ltr'>tribuerent,</span> 
     </span>
     <span class='ocr_line' id='line_1_13' title="bbox 351 1432 2164 1510; baseline 0.001 -20"><span class='ocrx_word' id='word_1_88' title='bbox 351 1452 552 1510; x_wconf 89' lang='lat' dir='ltr'>neque</span> <span class='ocrx_word' id='word_1_89' title='bbox 582 1433 645 1490; x_wconf 91' lang='lat' dir='ltr'>in</span> <span class='ocrx_word' id='word_1_90' title='bbox 677 1432 862 1500; x_wconf 90' lang='lat' dir='ltr'>libris,</span> <span class='ocrx_word' id='word_1_91' title='bbox 887 1452 1086 1509; x_wconf 90' lang='lat' dir='ltr'>neque</span> <span class='ocrx_word' id='word_1_92' title='bbox 1117 1433 1180 1490; x_wconf 89' lang='lat' dir='ltr'>in</span> <span class='ocrx_word' id='word_1_93' title='bbox 1211 1433 1541 1510; x_wconf 80' lang='lat' dir='ltr'>republica,</span> <span class='ocrx_word' id='word_1_94' title='bbox 1571 1453 1771 1510; x_wconf 88' lang='lat' dir='ltr'>neque</span> <span class='ocrx_word' id='word_1_95' title='bbox 1802 1435 1864 1492; x_wconf 90' lang='lat' dir='ltr'>in</span> <span class='ocrx_word' id='word_1_96' title='bbox 1894 1433 2164 1492; x_wconf 89' lang='lat' dir='ltr'>moribus</span> 
     </span>
     <span class='ocr_line' id='line_1_14' title="bbox 354 1531 2162 1611; baseline 0 -21"><span class='ocrx_word' id='word_1_97' title='bbox 354 1539 419 1590; x_wconf 91' lang='lat' dir='ltr'>et</span> <span class='ocrx_word' id='word_1_98' title='bbox 450 1533 577 1590; x_wconf 89' lang='lat' dir='ltr'>vita</span> <span class='ocrx_word' id='word_1_99' title='bbox 607 1533 936 1600; x_wconf 90' lang='lat' dir='ltr'>communi,</span> <span class='ocrx_word' id='word_1_100' title='bbox 967 1543 1038 1590; x_wconf 92' lang='lat' dir='ltr'>ut</span> <span class='ocrx_word' id='word_1_101' title='bbox 1067 1552 1190 1590; x_wconf 90' lang='lat' dir='ltr'>non</span> <span class='ocrx_word' id='word_1_102' title='bbox 1222 1531 1403 1610; x_wconf 89' lang='lat' dir='ltr'>longe</span> <span class='ocrx_word' id='word_1_103' title='bbox 1433 1532 1608 1609; x_wconf 88' lang='lat' dir='ltr'>plura</span> <span class='ocrx_word' id='word_1_104' title='bbox 1636 1552 1706 1591; x_wconf 93' lang='lat' dir='ltr'>ac</span> <span class='ocrx_word' id='word_1_105' title='bbox 1737 1534 1966 1609; x_wconf 88' lang='lat' dir='ltr'>majora</span> <span class='ocrx_word' id='word_1_106' title='bbox 1994 1533 2162 1611; x_wconf 90' lang='lat' dir='ltr'>inge-</span> 
     </span>
     <span class='ocr_line' id='line_1_15' title="bbox 351 1631 2164 1708; baseline 0.001 -20"><span class='ocrx_word' id='word_1_107' title='bbox 351 1632 454 1689; x_wconf 89' lang='lat' dir='ltr'>nio</span> <span class='ocrx_word' id='word_1_108' title='bbox 497 1632 804 1708; x_wconf 87' lang='lat' dir='ltr'>cujusque,</span> <span class='ocrx_word' id='word_1_109' title='bbox 844 1632 1078 1701; x_wconf 88' lang='lat' dir='ltr'>virtuti,</span> <span class='ocrx_word' id='word_1_110' title='bbox 1117 1632 1446 1700; x_wconf 83' lang='lat' dir='ltr'>industriae,</span> <span class='ocrx_word' id='word_1_111' title='bbox 1490 1631 1796 1689; x_wconf 90' lang='lat' dir='ltr'>liberrime</span> <span class='ocrx_word' id='word_1_112' title='bbox 1846 1632 2164 1691; x_wconf 89' lang='lat' dir='ltr'>crederent</span> 
     </span>
     <span class='ocr_line' id='line_1_16' title="bbox 354 1729 1331 1808; baseline 0 -21"><span class='ocrx_word' id='word_1_113' title='bbox 354 1749 391 1788; x_wconf 89' lang='lat' dir='ltr'>a</span> <span class='ocrx_word' id='word_1_114' title='bbox 422 1729 697 1787; x_wconf 91' lang='lat' dir='ltr'>Numine</span> <span class='ocrx_word' id='word_1_115' title='bbox 729 1730 1007 1808; x_wconf 91' lang='lat' dir='ltr'>Benigno</span> <span class='ocrx_word' id='word_1_116' title='bbox 1038 1731 1331 1807; x_wconf 89' lang='lat' dir='ltr'>permitti.</span> 
     </span>
    </p>

    <p class='ocr_par' dir='ltr' id='par_1_5' title="bbox 352 1827 2166 2482">
     <span class='ocr_line' id='line_1_17' title="bbox 472 1827 2164 1906; baseline 0.001 -20"><span class='ocrx_word' id='word_1_117' title='bbox 472 1827 578 1887; x_wconf 86' lang='lat' dir='ltr'>Ad</span> <span class='ocrx_word' id='word_1_118' title='bbox 638 1848 957 1899; x_wconf 90' lang='lat' dir='ltr'>summam,</span> <span class='ocrx_word' id='word_1_119' title='bbox 1019 1828 1381 1898; x_wconf 88' lang='lat' dir='ltr'>Homerum,</span> <span class='ocrx_word' id='word_1_120' title='bbox 1443 1828 1687 1906; x_wconf 88' lang='lat' dir='ltr'>qualem</span> <span class='ocrx_word' id='word_1_121' title='bbox 1756 1829 1930 1888; x_wconf 89' lang='lat' dir='ltr'>nobis</span> <span class='ocrx_word' id='word_1_122' title='bbox 1988 1829 2164 1887; x_wconf 89' lang='lat' dir='ltr'>initio</span> 
     </span>
     <span class='ocr_line' id='line_1_18' title="bbox 352 1910 2166 2005; baseline 0 -19"><span class='ocrx_word' id='word_1_123' title='bbox 352 1929 604 1987; x_wconf 89' lang='lat' dir='ltr'>tradidit</span> <span class='ocrx_word' id='word_1_124' title='bbox 657 1929 896 1986; x_wconf 89' lang='lat' dir='ltr'>erudita</span> <span class='ocrx_word' id='word_1_125' title='bbox 953 1910 1302 2005; x_wconf 78' lang='lat' dir='ltr'>antiquitaS,</span> <span class='ocrx_word' id='word_1_126' title='bbox 1357 1928 1482 1986; x_wconf 85' lang='lat' dir='ltr'>laeti</span> <span class='ocrx_word' id='word_1_127' title='bbox 1544 1948 1614 1986; x_wconf 91' lang='lat' dir='ltr'>ac</span> <span class='ocrx_word' id='word_1_128' title='bbox 1674 1928 1958 1986; x_wconf 90' lang='lat' dir='ltr'>lubentes</span> <span class='ocrx_word' id='word_1_129' title='bbox 2010 1930 2166 1987; x_wconf 88' lang='lat' dir='ltr'>acci-</span> 
     </span>
     <span class='ocr_line' id='line_1_19' title="bbox 353 2026 2164 2105; baseline 0.001 -21"><span class='ocrx_word' id='word_1_130' title='bbox 353 2028 632 2104; x_wconf 89' lang='lat' dir='ltr'>piamus:</span> <span class='ocrx_word' id='word_1_131' title='bbox 696 2027 1012 2086; x_wconf 89' lang='lat' dir='ltr'>Pisistrato</span> <span class='ocrx_word' id='word_1_132' title='bbox 1067 2048 1176 2086; x_wconf 88' lang='lat' dir='ltr'>sua</span> <span class='ocrx_word' id='word_1_133' title='bbox 1233 2028 1367 2087; x_wconf 86' lang='lat' dir='ltr'>laus</span> <span class='ocrx_word' id='word_1_134' title='bbox 1427 2029 1524 2096; x_wconf 92' lang='lat' dir='ltr'>sit,</span> <span class='ocrx_word' id='word_1_135' title='bbox 1578 2035 1684 2086; x_wconf 91' lang='lat' dir='ltr'>aut</span> <span class='ocrx_word' id='word_1_136' title='bbox 1737 2028 2008 2105; x_wconf 88' lang='lat' dir='ltr'>quisquis</span> <span class='ocrx_word' id='word_1_137' title='bbox 2060 2026 2164 2086; x_wconf 89' lang='lat' dir='ltr'>ille</span> 
     </span>
     <span class='ocr_line' id='line_1_20' title="bbox 355 2127 2162 2203; baseline 0 -19"><span class='ocrx_word' id='word_1_138' title='bbox 355 2127 605 2185; x_wconf 89' lang='lat' dir='ltr'>tandem</span> <span class='ocrx_word' id='word_1_139' title='bbox 650 2127 854 2195; x_wconf 83' lang='lat' dir='ltr'>fuerit,</span> <span class='ocrx_word' id='word_1_140' title='bbox 897 2127 1001 2203; x_wconf 90' lang='lat' dir='ltr'>qui</span> <span class='ocrx_word' id='word_1_141' title='bbox 1049 2127 1301 2203; x_wconf 86' lang='lat' dir='ltr'>disjecta</span> <span class='ocrx_word' id='word_1_142' title='bbox 1343 2127 1551 2185; x_wconf 85' lang='lat' dir='ltr'>Poetae</span> <span class='ocrx_word' id='word_1_143' title='bbox 1596 2127 1870 2185; x_wconf 87' lang='lat' dir='ltr'>membra</span> <span class='ocrx_word' id='word_1_144' title='bbox 1915 2127 2162 2203; x_wconf 89' lang='lat' dir='ltr'>conqui-</span> 
     </span>
     <span class='ocr_line' id='line_1_21' title="bbox 355 2225 2163 2303; baseline 0 -21"><span class='ocrx_word' id='word_1_145' title='bbox 355 2227 544 2284; x_wconf 89' lang='lat' dir='ltr'>renda</span> <span class='ocrx_word' id='word_1_146' title='bbox 595 2225 895 2284; x_wconf 89' lang='lat' dir='ltr'>curaverit</span> <span class='ocrx_word' id='word_1_147' title='bbox 950 2231 1014 2282; x_wconf 90' lang='lat' dir='ltr'>et</span> <span class='ocrx_word' id='word_1_148' title='bbox 1066 2226 1131 2282; x_wconf 89' lang='lat' dir='ltr'>in</span> <span class='ocrx_word' id='word_1_149' title='bbox 1185 2245 1375 2283; x_wconf 91' lang='lat' dir='ltr'>unum</span> <span class='ocrx_word' id='word_1_150' title='bbox 1430 2225 1737 2303; x_wconf 74' lang='lat' dir='ltr'>cogenda,</span> <span class='ocrx_word' id='word_1_151' title='bbox 1798 2225 1885 2283; x_wconf 88' lang='lat' dir='ltr'>ita</span> <span class='ocrx_word' id='word_1_152' title='bbox 1937 2233 2163 2294; x_wconf 90' lang='lat' dir='ltr'>tamen,</span> 
     </span>
     <span class='ocr_line' id='line_1_22' title="bbox 356 2325 2162 2402; baseline 0.001 -20"><span class='ocrx_word' id='word_1_153' title='bbox 356 2332 427 2382; x_wconf 88' lang='lat' dir='ltr'>ut</span> <span class='ocrx_word' id='word_1_154' title='bbox 487 2345 610 2384; x_wconf 90' lang='lat' dir='ltr'>non</span> <span class='ocrx_word' id='word_1_155' title='bbox 669 2344 830 2392; x_wconf 84' lang='lat' dir='ltr'>casn,</span> <span class='ocrx_word' id='word_1_156' title='bbox 892 2325 998 2382; x_wconf 91' lang='lat' dir='ltr'>sed</span> <span class='ocrx_word' id='word_1_157' title='bbox 1065 2325 1316 2382; x_wconf 91' lang='lat' dir='ltr'>consilio</span> <span class='ocrx_word' id='word_1_158' title='bbox 1382 2344 1539 2402; x_wconf 90' lang='lat' dir='ltr'>pene</span> <span class='ocrx_word' id='word_1_159' title='bbox 1609 2325 1812 2381; x_wconf 88' lang='lat' dir='ltr'>divino</span> <span class='ocrx_word' id='word_1_160' title='bbox 1881 2325 2162 2394; x_wconf 87' lang='lat' dir='ltr'>auctoris,</span> 
     </span>
     <span class='ocr_line' id='line_1_23' title="bbox 356 2423 1485 2482; baseline -0.001 0"><span class='ocrx_word' id='word_1_161' title='bbox 356 2423 581 2482; x_wconf 86' lang='lat' dir='ltr'>Totum</span> <span class='ocrx_word' id='word_1_162' title='bbox 613 2423 765 2482; x_wconf 90' lang='lat' dir='ltr'>illud</span> <span class='ocrx_word' id='word_1_163' title='bbox 797 2424 1010 2482; x_wconf 89' lang='lat' dir='ltr'>coiisse</span> <span class='ocrx_word' id='word_1_164' title='bbox 1041 2424 1485 2482; x_wconf 61' lang='lat' dir='ltr'>existimemus</span> 
     </span>
    </p>

    <p class='ocr_par' dir='ltr' id='par_1_6' title="bbox 359 2520 2164 2781">
     <span class='ocr_line' id='line_1_24' title="bbox 468 2520 2164 2599; baseline -0.002 -19"><span class='ocrx_word' id='word_1_165' title='bbox 468 2522 827 2580; x_wconf 84' lang='lat' dir='ltr'>Proximum</span> <span class='ocrx_word' id='word_1_166' title='bbox 880 2529 990 2590; x_wconf 88' lang='lat' dir='ltr'>est,</span> <span class='ocrx_word' id='word_1_167' title='bbox 1038 2529 1108 2580; x_wconf 93' lang='lat' dir='ltr'>ut</span> <span class='ocrx_word' id='word_1_168' title='bbox 1161 2523 1290 2599; x_wconf 88' lang='lat' dir='ltr'>ejus</span> <span class='ocrx_word' id='word_1_169' title='bbox 1343 2521 1576 2580; x_wconf 90' lang='lat' dir='ltr'>consilii</span> <span class='ocrx_word' id='word_1_170' title='bbox 1629 2540 1866 2579; x_wconf 90' lang='lat' dir='ltr'>summa</span> <span class='ocrx_word' id='word_1_171' title='bbox 1910 2541 2041 2598; x_wconf 86' lang='lat' dir='ltr'>quae</span> <span class='ocrx_word' id='word_1_172' title='bbox 2086 2520 2164 2578; x_wconf 90' lang='lat' dir='ltr'>sit</span> 
     </span>
     <span class='ocr_line' id='line_1_25' title="bbox 359 2620 2164 2701; baseline -0.001 -22"><span class='ocrx_word' id='word_1_173' title='bbox 359 2621 710 2700; x_wconf 89' lang='lat' dir='ltr'>diligentius</span> <span class='ocrx_word' id='word_1_174' title='bbox 756 2640 1148 2699; x_wconf 83' lang='lat' dir='ltr'>exponamUS,</span> <span class='ocrx_word' id='word_1_175' title='bbox 1186 2622 1562 2701; x_wconf 89' lang='lat' dir='ltr'>argumentis</span> <span class='ocrx_word' id='word_1_176' title='bbox 1600 2621 1677 2680; x_wconf 89' lang='lat' dir='ltr'>ab</span> <span class='ocrx_word' id='word_1_177' title='bbox 1722 2622 1851 2698; x_wconf 91' lang='lat' dir='ltr'>ipso</span> <span class='ocrx_word' id='word_1_178' title='bbox 1898 2620 2164 2679; x_wconf 89' lang='lat' dir='ltr'>carmine</span> 
     </span>
     <span class='ocr_line' id='line_1_26' title="bbox 360 2721 576 2781; baseline -0.005 0"><span class='ocrx_word' id='word_1_179' title='bbox 360 2721 576 2781; x_wconf 88' lang='lat' dir='ltr'>allatis.</span> 
     </span>
    </p>
   </div>
  </div>
 </body>
</html>
