2320 4126
145 272 303 308 PRAEL.
325 274 400 307 IX.
436 271 593 324 quare
617 253 696 305 vel
717 251 968 304 Heroibus
991 260 1170 303 metum
1196 252 1472 321 aliquando
1498 251 1707 304 tribuat.
1787 253 1893 303 ‘135

228 397 322 455 Ac
351 397 568 454 ‘nescio
611 414 767 462 sane,
811 414 884 451 an
930 394 1074 450 illud
1125 394 1333 450 eodem
1385 394 1577 449 redire
1624 394 1894 460 dixerim,

146 495 300 570 quod
343 493 549 568 saepius
592 491 748 566 apud
787 489 1119 546 Homerum
1166 490 1466 546 fortissimi
1513 508 1747 563 quoque
1784 490 1894 546 viri

145 573 602 648 adversariorum
645 586 947 643 ruentium
998 586 1255 660 impetus
1299 585 1615 642 declinant.
1706 585 1894 643 Nulla

146 686 241 743 isti
285 685 487 761 religio
531 690 638 749 est,
669 683 716 740 si
759 682 994 756 quando
1034 682 1108 738 de
1148 681 1431 747 Hectore,
1464 682 1538 738 de
1581 680 1891 748 Diomede,

147 782 219 838 de
248 779 485 838 Achille
515 781 642 854 ipso
672 778 906 844 dicitur,

433 883 532 928 ἀλλ’
555 883 578 927 ὃ
598 885 676 941 μὲν
695 884 801 929 ἀντὰ
818 882 922 929 ἴδων
940 882 1123 940 ἠλεύατο
1142 885 1331 941 χάλκεον
1351 884 1496 942 ἔγχος.

151 972 288 1030 Non
318 975 501 1050 pudet
528 974 755 1031 saucios
785 973 1165 1040 cohorruisse,
1197 974 1320 1030 viso
1351 973 1722 1049 sanguinem:

430 1072 610 1131 ῥίγησεν
629 1071 666 1116 δ’
688 1070 754 1130 ἄρ’
775 1072 922 1117 ἔπειτα
940 1072 1047 1127 ἅναξ
1066 1073 1231 1129 ἀνδρῶν
1249 1071 1541 1131 Ἀγαμέμνων,

435 1145 491 1190 ὧς
511 1141 622 1188 εἶδεν
640 1143 778 1200 μέλαν
798 1141 901 1201 αἷμα
922 1143 1154 1202 καταῤῥέον
1175 1145 1223 1199 ἐξ
1245 1145 1436 1201 ὠτειλῆς·

437 1287 494 1332 ὣς
514 1287 560 1330 δὲ
579 1284 671 1330 ἴδεν
690 1287 840 1343 νεῦρόν
859 1305 906 1330 τε
928 1287 996 1330 καὶ
1018 1286 1172 1344 ὅγκους
1193 1286 1313 1332 ἐκτὸς
1333 1287 1494 1339 ἐόντας,

436 1358 636 1417 ἀψοῤῥόν
656 1360 696 1402 οἱ
718 1358 851 1415 θυμὸς
872 1359 933 1402 ε’νὶ
955 1357 1197 1414 στήθεσσιν
1217 1359 1394 1417 ἀγέρθη.

151 1439 275 1499 Vix
346 1442 602 1507 tandem,
676 1441 977 1515 provocati
1048 1441 1123 1496 ab
1197 1439 1479 1506 Hectore,
1537 1437 1898 1513 respondent

151 1544 183 1567 “
206 1538 476 1594 ductores
507 1536 782 1594 Danaum
813 1536 1047 1604 delecti,
1079 1537 1271 1612 prima
1300 1535 1615 1593 virorum.’'

437 1645 636 1690 αἷδέσθεν
653 1645 732 1702 μὲν
750 1643 1002 1701 ἀνήνασθαι,
1019 1646 1168 1690 δείσαν
1189 1644 1224 1689 δ’
1247 1644 1532 1702 ὖποδέχθαιῐῑ.

152 1732 310 1801 Quin
352 1738 414 1789 et
457 1732 581 1807 ipse
612 1731 857 1799 Hector,
891 1733 1018 1806 jam
1056 1734 1300 1789 tandem
1345 1752 1481 1790 cum
1512 1730 1701 1806 Ajace
1740 1750 1901 1787 com-

151 1829 387 1904 positUS,
438 1829 512 1885 ab
559 1830 809 1885 immota
850 1828 954 1885 illa
1006 1829 1343 1901 Stoicorum
1388 1827 1736 1884 fortitudine
1782 1846 1900 1882 non

151 1944 353 1999 parum
383 1925 658 1982 recedere
688 1925 992 1982 videtur⁰:

445 2061 719 2074 ..........
734 2026 839 2074 Αἴας
858 2029 970 2087 ὦρτο
989 2032 1214 2088 πελώριος,
1237 2029 1359 2087 ἕρκος
1376 2029 1579 2087 Ἀχαιῶν,

441 2100 638 2157 μειδιόων
657 2102 925 2158 βλοσυροῖσι
945 2104 1224 2158 προσώπασι·
1258 2102 1382 2160 νέρθε
1405 2102 1450 2145 δέ
1471 2103 1637 2146 πόσσιν

442 2175 509 2229 ἤϊε
528 2173 668 2231 μακρὰ
688 2173 834 2226 βιβὰς,
857 2174 1051 2230 κραδάων
1071 2175 1352 2233 δολιχόσκιον
1372 2175 1517 2232 ἔγχος.

443 2246 518 2288 τὸν
540 2245 586 2287 δὲ
608 2245 678 2288 καὶ
697 2243 887 2302 Ἀργεῖοι
906 2245 1000 2303 μέγ’
1024 2244 1202 2303 ἐγήθεον
1222 2246 1515 2302 εἰσορόωντες·

443 2321 590 2374 Τρῶας
610 2316 656 2359 δὲ
677 2318 836 2374 τρόμος
856 2317 972 2362 αἶνὸς
991 2316 1183 2373 ὑπήλυθε
1203 2320 1303 2376 γυῖα
1324 2317 1522 2369 ἕκαστον,

438 2387 616 2445 ’Ἕκτορί
635 2387 671 2431 τ’
694 2389 808 2448 αὐτῷ
831 2389 964 2446 θυμὸς
985 2390 1045 2433 ε’νὶ
1068 2389 1286 2445 στήθεσσι
1305 2390 1548 2434 πάτασσεν·

443 2458 542 2502 ἀλλ’
566 2462 706 2505 οὔπως
726 2460 789 2503 ἔτι
810 2457 925 2518 εἶχεν
944 2460 1197 2519 ὑποτρέσαι,
1219 2460 1308 2504 οὐδ’
1330 2461 1530 2505 ἀναδῦναι

445 2531 517 2589 ἂψ
535 2533 654 2576 λαῶν
674 2532 718 2577 ἐς
737 2531 905 2589 ὅμιλον,
928 2534 1019 2578 ἐπεὶ
1039 2533 1378 2592 προκαλέσσατο
1398 2534 1558 2591 χάρμῃ.

243 2619 377 2688 Quo
414 2620 656 2676 tandem
700 2621 897 2677 animo
942 2640 1180 2678 censeas
1224 2621 1394 2678 illum
1439 2622 1584 2690 fore,
1621 2621 1906 2697 flagrante

154 2733 365 2790 pugna,
389 2716 489 2789 qui
519 2716 754 2791 egregia
775 2716 885 2773 hac
910 2717 1171 2774 clausula
1199 2716 1598 2792 praeliantium
1627 2718 1905 2791 utrinque

155 2810 414 2868 fortunas
443 2811 784 2886 animosque
814 2831 931 2868 uno
964 2814 1072 2870 sub
1102 2821 1348 2889 aspectu
1376 2813 1714 2889 posueritP?

450 2917 550 2962 ἔνθα
571 2935 642 2962 κεν
662 2920 802 2962 οὕκετι
822 2918 950 2976 ἔργον
970 2918 1075 2975 ἀνὴρ
1097 2919 1299 2963 ὀνόσαιτο
1319 2919 1558 2976 μετέλθων,

450 2987 574 3034 ὅστις
593 2987 651 3032 ἔτ’
674 2988 864 3045 ἄβλητος
884 2990 952 3033 καὶ
972 2989 1202 3036 ἀνούτατος
1222 2991 1317 3048 ὀξέϊ
1334 2994 1485 3051 χαλκῷ

449 3058 604 3104 δινεύοι
625 3061 729 3104 κατὰ
748 3060 931 3117 μέσσον,
954 3061 1052 3119 ἅγοι
1073 3060 1119 3105 δέ
1141 3063 1163 3104 ἑ
1183 3063 1365 3107 Παλλὰς
1382 3061 1558 3118 Ἀθήνη,

446 3132 593 3188 χειρὸς
613 3131 778 3184 ἑλοῦσ’,
800 3133 934 3189 αὐτὰρ
954 3132 1119 3185 βελέων
1138 3133 1343 3192 ἀπερύκοι
1365 3133 1515 3191 ἐρωήν.

447 3204 609 3247 πολλοὶ
628 3204 712 3262 γὰρ
733 3208 889 3262 Τρώων
909 3206 978 3249 καὶ
996 3205 1184 3263 Ἀχαιῶν
1204 3208 1331 3262 ἤματι
1353 3206 1474 3265 κείνῳ

447 3274 624 3332 πρηνέες
643 3275 689 3320 ἐν
710 3276 874 3332 κονίῃσι
895 3276 994 3334 παρ’
1016 3276 1255 3333 ἀλλήλοισι
1276 3276 1465 3322 τέταντο.

233 3361 430 3420 Venio
447 3381 603 3421 nunc
627 3366 701 3422 ad
720 3364 942 3422 leviora
961 3366 1249 3439 quaedam,
1270 3383 1519 3439 quorum
1544 3383 1659 3421 non
1683 3365 1912 3420 diversa

222 3581 261 3606 m
282 3574 335 3618 11.
357 3576 415 3620 iv.
438 3578 535 3631 148.
744 3587 769 3609 Π
791 3580 864 3624 vii.
887 3595 960 3637 93.
1172 3587 1190 3604 ⁰
1215 3580 1283 3623 lb.
1308 3593 1406 3624 210.
1622 3587 1645 3617 P
1667 3580 1724 3623 iv.
1748 3590 1849 3635 539.
