2320 4126
104 238 108 242 ⁵
186 272 340 305 PRAEL.
361 270 458 304 ΧΠ.
518 249 787 302 Homerica
810 248 869 299 de
892 246 1035 299 rebus
1058 253 1363 297 mortuorum
1386 246 1643 297 sententia.
1816 246 1922 302 199

186 409 439 484 indigna,
497 414 563 463 ut
634 413 942 481 propterea
996 405 1255 459 maxime
1318 404 1618 459 nationem
1682 420 1917 458 omnem

190 502 501 561 Poetarum
558 504 792 579 penitus
849 501 1234 578 ablegandam
1281 506 1547 556 censeret
1597 519 1633 556 a
1681 518 1784 557 sua
1832 518 1922 557 re-

187 600 479 674 publicar:

416 733 473 789 μὴ
496 733 546 788 δὴ
568 733 640 789 μοὶ
661 732 842 776 θάνατόν
860 751 911 790 γε
930 732 1140 790 παραύδα,
1162 731 1330 790 φαίδιμ’
1351 731 1584 775 Ὀδυσσεῦ·

415 804 654 860 βουλοίμην
674 803 708 847 κ’
731 803 966 861 ἐπάρουρος
986 804 1065 848 ε’ὼν
1085 803 1311 860 θήτευέμεν
1331 803 1468 864 ἄλλῳ,

417 877 537 935 ἀνδρὶ
558 876 656 933 παρ’
679 875 864 936 ἀκλήρῳ,
886 873 922 936 ᾦ
940 877 996 933 μὴ
1017 877 1164 929 βίοτος
1183 877 1319 921 πολὺς
1340 874 1418 931 εἵη,

417 947 441 1003 ἢ
462 951 596 992 πᾶσιν
615 947 816 993 νεκύεσσι
838 948 1217 1006 καταφθιμένοισιν
1236 948 1457 992 ἀνάσσειν.

188 1075 423 1149 Nempe
452 1074 799 1134 tralatitium
837 1075 984 1131 illud
1023 1094 1090 1131 30
1120 1075 1361 1151 vulgare
1391 1075 1556 1142 adeO,
1587 1080 1656 1135 ut
1694 1075 1922 1131 venerit

175 1171 525 1247 jamdudum
555 1172 615 1226 in
646 1171 1127 1227 consuetudinem
1160 1170 1468 1245 proverbii,
1492 1171 1774 1245 majorem
1799 1188 1924 1227 esse

186 1287 355 1324 usum
395 1267 552 1323 canis
590 1267 705 1322 vivi
737 1286 909 1341 quam
943 1266 1037 1322 vel
1073 1267 1258 1323 leonis
1293 1267 1511 1322 mortui
1534 1266 1798 1334 3-illud,
1838 1267 1927 1322 in-

187 1383 378 1438 quam,
410 1382 676 1421 sermone
709 1363 837 1438 jam
866 1363 1076 1419 tritum
1106 1382 1212 1420 suo
1242 1382 1406 1419 more
1436 1362 1605 1419 effert
1639 1360 1923 1419 Achilles.

186 1459 358 1527 Quod
394 1461 442 1516 si
476 1479 581 1516 nos
611 1478 746 1516 cum
778 1458 1047 1534 Longino
1087 1459 1430 1532 conjicimus
1468 1464 1643 1514 aetate
1674 1457 1925 1514 Homeri

176 1556 301 1630 jam
360 1556 545 1612 fracta
603 1556 878 1630 scriptam
938 1556 1117 1612 fuisse
1176 1554 1540 1631 Odysseiam‚
1599 1555 1711 1611 erit
1769 1554 1925 1628 quod

188 1653 450 1709 excusari
520 1653 719 1727 possit,
779 1671 915 1709 cum
974 1651 1160 1709 vetuli
1232 1652 1499 1727 plerique
1559 1651 1631 1725 (si
1689 1651 1927 1726 quidem

186 1748 496 1805 Aristoteli
526 1748 695 1823 fides)
726 1748 843 1805 sint
873 1754 1110 1804 naturas
1141 1743 1434 1826 φιλόζωοι,
1457 1746 1544 1802 καὶ
1573 1744 1827 1813 μάλιστα
1856 1750 1929 1822 τῇ

186 1843 472 1916 τελευταίᾳ
500 1843 686 1921 ἡμέρᾳ·
733 1847 834 1900 τοῦ
863 1840 980 1921 *γὰρ
1011 1840 1251 1901 ἅπτοντος
1282 1843 1311 1897 ὁ
1340 1842 1485 1921 ἔρως.

270 1938 475 2014 Atque
504 1940 600 1996 hic
630 1941 743 1995 erit
782 1959 970 2014 operae
1005 1939 1264 2013 pretium
1305 1958 1673 2014 cognoscere,
1707 1958 1822 2013 quo
1867 1939 1928 1995 in

188 2035 316 2092 loco
346 2054 436 2092 res
457 2043 824 2092 mortuorum
845 2035 1118 2092 habuerit
1150 2033 1468 2095 Homerus,
1522 2033 1782 2092 Videtur
1804 2055 1929 2092 om-

187 2131 325 2187 nino
350 2133 422 2188 de
445 2132 638 2188 anima
666 2150 801 2187 cum
830 2131 1069 2187 indocta
1096 2129 1270 2206 plebe
1300 2131 1534 2197 sentire,
1557 2149 1674 2186 non
1705 2138 1928 2188 certam

189 2227 243 2282 ei
293 2229 591 2303 regionem
642 2228 948 2303 assignare,
1000 2246 1119 2283 11011
1170 2225 1383 2283 stabile
1433 2226 1666 2282 vivendi
1723 2246 1926 2302 genus.

182 2321 344 2389 Quin
383 2323 497 2379 11110
536 2322 678 2378 illuc
719 2323 880 2397 quasi
924 2328 1186 2378 extorres
1222 2322 1483 2387 volitare,
1520 2322 1643 2378 vita
1684 2323 1928 2379 minime

177 2417 354 2481 ,vitali
404 2418 694 2492 praeditos,
744 2417 907 2474 nulla
964 2418 1181 2492 requie,
1229 2417 1393 2474 nullo
1453 2417 1680 2486 solatiO,
1733 2416 1927 2474 εἴδωλα

188 2512 481 2580 καμόντων,
513 2513 692 2569 νεκύων
721 2513 948 2580 ἀμένηνα
978 2509 1194 2591 καρηνά.
1282 2515 1464 2588 Apud
1495 2533 1632 2570 eum
1667 2514 1927 2570 arcessiti

190 2606 403 2663 Manes
451 2628 586 2664 cum
642 2609 870 2683 gemitu
920 2608 1140 2664 abeunt
1191 2628 1258 2665 30
1310 2608 1635 2672 discedunt,
1694 2626 1926 2682 prorsus

189 2723 388 2760 earum
424 2706 747 2779 specierum
791 2705 924 2771 ritu,
956 2724 1098 2779 quas
1141 2725 1246 2780 per
1288 2705 1514 2761 somnia
1557 2704 1666 2761 sibi
1695 2704 1927 2781 fingunt

188 2799 469 2855 homines,
557 2799 738 2875 Elysii
769 2799 925 2856 illius
956 2800 1270 2876 Virgiliani
1299 2820 1410 2857 nec
1440 2800 1574 2857 vola
1611 2820 1721 2858 1100
1750 2802 1927 2858 vesti.-

186 2895 366 2968 gium,
412 2895 575 2968 cujus
618 2894 823 2951 incolae
865 2915 984 2952 non
1026 2896 1344 2970 injucunde
1389 2897 1735 2952 diuturnum
1779 2896 1928 2953 illud

188 2991 376 3046 otium
428 2989 727 3058 fallebant,
776 2991 1098 3048 simulacris
1147 3011 1342 3049 rerum
1394 2993 1554 3067 prius
1600 3012 1636 3049 a
1686 3011 1747 3049 se
1797 3012 1928 3069 ges-

187 3086 422 3140 tarumt.

422 3195 551 3248 Stant
569 3211 684 3248 terra
704 3205 858 3250 defixae
878 3206 1031 3259 hastae,
1052 3209 1305 3266 passimque
1325 3208 1458 3252 soluti

420 3274 504 3318 Per
523 3290 705 3331 gramen
724 3285 968 3333 pascuntur
986 3279 1087 3337 equi
1105 3296 1115 3322 :
1149 3280 1225 3337 qui
1244 3280 1384 3337 gratia
1404 3293 1561 3327 currus

420 3346 747 3404 Armorumque
767 3348 851 3391 fuit
870 3350 998 3401 vivis,
1021 3365 1120 3408 quae
1142 3365 1248 3394 cura
1268 3352 1456 3394 nitentes

421 3416 603 3461 Pascere
622 3433 774 3476 equos,
795 3420 948 3464 eadem
969 3422 1167 3478 sequitur
1187 3423 1340 3466 tellure
1360 3428 1574 3479 repostos.

350 3553 438 3597 Od.
460 3555 518 3598 xi.
541 3532 641 3609 488.
879 3565 892 3582 ⁵
924 3558 1053 3601 Rhet.
1075 3558 1119 3602 ii.
1141 3571 1206 3612 15.
1445 3559 1472 3615 ‚²
1490 3558 1597 3602 AEn.
1620 3558 1677 3602 vi.
1700 3556 1802 3612 652,
