2320 4126
186 273 344 308 PRAEL.
366 274 420 306 11.
664 257 750 307 De
771 256 1099 308 sacrosanctis
1122 256 1457 326 reliyionibus.
1870 263 1940 313 23

186 404 364 472 atque
387 398 675 473 imperitis
706 398 893 455 facilis
923 399 998 455 sit
1029 399 1317 473 ejusmodi
1341 416 1549 455 sermo.
1627 398 1840 473 Itaque
1864 401 1938 457 ad

185 493 382 549 omnia
425 493 740 569 confugere
784 493 995 562 solent,
1025 495 1068 550 si
1103 495 1280 550 modo
1316 499 1419 549 aut
1451 493 1707 568 corporis
1746 501 1938 569 gestU‚

184 594 288 644 aut
325 594 494 644 motu
540 588 861 655 oculorum,
906 595 1011 645 aut
1055 589 1214 644 vocis
1254 589 1556 655 varietate,
1597 594 1701 644 aut
1743 588 1940 662 aliqua

184 684 423 738 tandem
453 683 681 739 ratione
710 683 965 739 latentes
988 683 1224 740 valeant
1248 683 1420 740 solari
1451 682 1714 740 affectus.
1762 684 1938 751 Quod

183 777 367 833 sicubi
403 777 657 834 feliciter
688 779 828 853 ipsis
872 780 1076 846 evasit,
1106 781 1326 835 amicos
1371 780 1553 835 etiam
1599 786 1661 835 et
1704 780 1939 854 propin-

184 891 344 946 quOS,
375 873 590 947 partim
628 892 842 940 amore,
873 875 1088 948 partim
1128 874 1534 940 admiratione,
1565 875 1790 948 partim·
1810 875 1939 949 ipso

182 968 453 1024 imitandi
478 969 672 1025 studio
697 969 903 1025 eadem
928 975 1260 1026 tentaturos
1283 968 1404 1024 veri
1429 975 1519 1025 est
1543 967 1935 1026 simillimum:

183 1062 370 1119 donec
399 1063 816 1120 inveteraverit
843 1063 1049 1139 religio
1079 1063 1372 1138 quaedam,
1403 1081 1533 1137 quae
1570 1064 1789 1120 mutari
1823 1065 1939 1121 ista

182 1157 454 1213 omittive
482 1158 811 1232 prohibeat.

288 1251 449 1308 Hinc
499 1252 1052 1328 illa—(ignoscite,
1110 1271 1322 1327 quaeSO,
1370 1251 1740 1321 Academici,
1791 1254 1937 1310 sicui

182 1345 334 1402 forte
364 1354 624 1403 vestrum
656 1348 858 1403 videar
891 1348 1152 1422 proferre
1183 1346 1527 1421 exemplum
1559 1347 1839 1404 audacius
1875 1355 1937 1404 et

178 1443 431 1517 gravius,
479 1462 655 1517 quam
707 1462 812 1517 pro
862 1445 947 1498 rei
998 1444 1312 1518 propositae
1360 1443 1651 1518 dignitate
1671 1444 1938 1520 :)—hinc

179 1537 296 1604 illa,
327 1538 583 1612 inquam,
618 1538 1015 1595 Sanctissimae
1057 1538 1263 1595 Crucis
1302 1545 1434 1594 toto
1466 1545 1756 1595 terrarum
1796 1540 1938 1596 orbe

181 1635 495 1691 veneratio.
605 1634 789 1708 Cujus
853 1635 1024 1690 initia
1091 1634 1388 1690 Naturam
1452 1635 1638 1709 ipsam
1704 1635 1936 1709 piorum

179 1736 409 1786 mentes
448 1729 606 1785 ultro
643 1731 890 1786 edocere
929 1731 1206 1804 potuisse,
1246 1731 1347 1785 vix
1397 1731 1528 1796 erit,
1576 1731 1798 1805 opinor,
1836 1731 1938 1805 qui

180 1831 499 1899 negaturus
545 1825 635 1881 sit.
746 1825 906 1892 Quid
958 1825 1116 1880 enim
1172 1831 1297 1880 tam
1354 1831 1577 1881 naturae
1629 1833 1939 1881 consenta-

179 1938 375 1986 neum,
407 1939 583 1993 quam
612 1920 674 1975 in
704 1920 829 1994 ipso
861 1938 1056 1976 rerum
1086 1938 1323 1976 suarum
1353 1920 1603 1977 articulo
1632 1920 1814 1996 Regis
1845 1922 1934 1977 sui

180 2022 460 2088 tanquam
491 2021 711 2071 tessera
750 2015 897 2071 fidos
936 2034 998 2071 se
1035 2016 1266 2071 munire
1303 2015 1562 2072 milites?
1651 2016 1722 2072 Id
1759 2018 1936 2072 modo

180 2110 499 2166 dolendum
552 2131 620 2167 ac
672 2111 1130 2185 deprecandum,
1183 2112 1342 2185 quod
1400 2112 1676 2187 opinione
1737 2131 1941 2169 neces-

179 2207 369 2262 sitatis
407 2208 700 2282 adjuncta,
732 2214 835 2263 aut
875 2207 1034 2263 nudo
1072 2208 1238 2282 signo
1273 2207 1492 2282 placari
1531 2227 1701 2283 posse
1737 2207 1937 2263 Deum

179 2303 550 2369 arbitrantur,
588 2311 692 2359 aut
731 2304 894 2378 quasi
930 2322 1037 2378 per
1070 2304 1328 2378 magicas
1367 2311 1541 2372 arteS,
1584 2305 1812 2379 corpori
1849 2323 1939 2360 re-

178 2398 456 2464 medium,
488 2418 606 2454 non
637 2400 834 2454 animo
865 2399 1142 2454 solatium
1173 2399 1458 2455 adhiberi.

264 2493 530 2549 Eandem
562 2493 986 2567 Reliquiarum,
1020 2512 1163 2568 quas
1199 2500 1433 2561 vocant,
1475 2495 1766 2550 rationem
1808 2512 1936 2550 esse

178 2606 269 2643 res
298 2589 423 2662 ipsa
450 2587 729 2663 loquitur.
799 2588 1191 2645 Moerent-ium
1221 2590 1411 2663 primo
1433 2589 1751 2645 orbitatem
1781 2588 1934 2644 mul-

179 2690 347 2740 cent:
394 2686 637 2742 sei-vatis
682 2685 896 2742 deinde
943 2685 1120 2760 longo
1159 2691 1295 2759 post
1339 2691 1608 2758 tempore
1661 2687 1934 2739 sanctum

177 2779 374 2835 nescio
415 2779 557 2853 quid
600 2799 669 2837 ac
713 2780 944 2837 salubre
987 2781 1127 2854 ipsis
1169 2798 1274 2854 per
1313 2797 1376 2836 se
1422 2781 1613 2836 inesse
1654 2779 1933 2835 creditur.

180 2870 270 2930 Ut
307 2874 454 2931 illud
484 2875 893 2951 gravissimum
934 2877 994 2932 in
1022 2892 1275 2950 praesens
1306 2875 1604 2949 disputare
1635 2874 1929 2940 omittam,

177 2986 253 3024 an
284 2967 507 3023 caelitus
536 2968 715 3024 etiam
746 2968 1114 3043 comprobari
1143 2968 1456 3025 videantur
1490 2968 1683 3025 multa
1711 2974 1931 3025 morta-

178 3062 323 3118 lium
352 3063 413 3118 in
443 3060 534 3118 his
562 3061 738 3119 rebus
756 3062 1000 3136 judicia.

261 3157 421 3225 Quid
451 3158 525 3214 de
555 3156 870 3214 Ominibus
900 3158 1094 3215 dicam
1123 3164 1185 3215 et
1217 3157 1534 3224 Portentis‚
1566 3165 1628 3214 et
1657 3159 1931 3214 universo

177 3271 380 3309 eorum
425 3272 659 3328 genere,
702 3272 953 3328 quorum
997 3272 1109 3328 ope
1152 3254 1352 3309 futura
1395 3253 1742 3319 divinantes,
1789 3272 1932 3327 prae-

176 3348 379 3404 sertim
421 3348 663 3416 indocti,
694 3350 842 3405 mire
882 3349 993 3405 sibi
1032 3348 1308 3423 placent?
1397 3348 1552 3404 Cum
1592 3354 1795 3404 amant
1824 3348 1931 3404 ho-

175 3443 364 3500 mines
413 3444 693 3518 impense,
746 3463 884 3501 cum
924 3449 1205 3500 metuunt
1248 3462 1316 3500 ac
1361 3444 1627 3518 cupiunt,
1674 3462 1811 3499 cum
1855 3445 1929 3500 de

176 3539 369 3613 capite
425 3555 531 3596 suo
588 3545 692 3596 aut
750 3557 1006 3606 suorum,
1059 3539 1134 3594 de
1183 3539 1374 3614 patria
1429 3545 1534 3595 aut
1594 3539 1741 3595 caris
1797 3557 1930 3613 pro-

176 3633 424 3708 pinquis,
460 3635 874 3710 expectatione
914 3653 983 3691 ac
1022 3634 1335 3691 formidine
1370 3634 1605 3709 trepidi,
1637 3634 1739 3689 diu
1778 3633 1931 3690 mul-
