<?xml version="1.0" encoding="UTF-8"?>
<!DOCTYPE html PUBLIC "-//W3C//DTD XHTML 1.0 Transitional//EN"
    "http://www.w3.org/TR/xhtml1/DTD/xhtml1-transitional.dtd">
<html xmlns="http://www.w3.org/1999/xhtml" xml:lang="en" lang="en">
 <head>
  <title>
</title>
<meta http-equiv="Content-Type" content="text/html;charset=utf-8" />
  <meta name='ocr-system' content='tesseract 3.04.00' />
  <meta name='ocr-capabilities' content='ocr_page ocr_carea ocr_par ocr_line ocrx_word'/>
</head>
<body>
  <div class='ocr_page' id='page_1' title='image "./a588873901kebluoft_0143.png"; bbox 0 0 2320 4126; ppageno 0'>
   <div class='ocr_carea' id='block_1_1' title="bbox 118 274 1865 343">
    <p class='ocr_par' dir='ltr' id='par_1_1' title="bbox 118 274 1865 343">
     <span class='ocr_line' id='line_1_1' title="bbox 118 274 1865 343; baseline -0.003 -11"><span class='ocrx_word' id='word_1_1' title='bbox 118 298 270 332; x_wconf 80' lang='lat' dir='ltr'><strong>PRAEL.</strong></span> <span class='ocrx_word' id='word_1_2' title='bbox 293 297 363 330; x_wconf 87' lang='lat' dir='ltr'>IX.</span> <span class='ocrx_word' id='word_1_3' title='bbox 541 294 634 327; x_wconf 68' lang='lat' dir='ltr'>usa</span> <span class='ocrx_word' id='word_1_4' title='bbox 658 275 877 327; x_wconf 75' lang='lat' dir='ltr'>edoctum</span> <span class='ocrx_word' id='word_1_5' title='bbox 884 274 1248 343; x_wconf 66' lang='lat' dir='ltr'>precliantizom</span> <span class='ocrx_word' id='word_1_6' title='bbox 1274 291 1432 325; x_wconf 76' lang='lat' dir='ltr'>casus,</span> <span class='ocrx_word' id='word_1_7' title='bbox 1759 277 1865 328; x_wconf 72' lang='lat'>133</span> 
     </span>
    </p>
   </div>
   <div class='ocr_carea' id='block_1_2' title="bbox 116 407 1871 968">
    <p class='ocr_par' dir='ltr' id='par_1_2' title="bbox 116 407 1871 968">
     <span class='ocr_line' id='line_1_2' title="bbox 218 407 1864 485; baseline -0.002 -17"><span class='ocrx_word' id='word_1_8' title='bbox 218 412 439 470; x_wconf 89' lang='lat' dir='ltr'>Videre</span> <span class='ocrx_word' id='word_1_9' title='bbox 501 410 643 466; x_wconf 89' lang='lat' dir='ltr'>mihi</span> <span class='ocrx_word' id='word_1_10' title='bbox 705 411 905 465; x_wconf 85' lang='lat' dir='ltr'>videor</span> <span class='ocrx_word' id='word_1_11' title='bbox 961 427 1245 485; x_wconf 80' lang='lat' dir='ltr'>magnum</span> <span class='ocrx_word' id='word_1_12' title='bbox 1303 407 1474 484; x_wconf 83' lang='lat' dir='ltr'>illum</span> <span class='ocrx_word' id='word_1_13' title='bbox 1534 407 1864 464; x_wconf 85' lang='lat' dir='ltr'>Galliarum</span> 
     </span>
     <span class='ocr_line' id='line_1_3' title="bbox 120 503 1865 584; baseline -0.002 -19"><span class='ocrx_word' id='word_1_14' title='bbox 120 511 359 584; x_wconf 80' lang='lat' dir='ltr'>Regem,</span> <span class='ocrx_word' id='word_1_15' title='bbox 421 506 769 573; x_wconf 88' lang='lat' dir='ltr'>Henricum,</span> <span class='ocrx_word' id='word_1_16' title='bbox 828 505 928 579; x_wconf 90' lang='lat' dir='ltr'>qui</span> <span class='ocrx_word' id='word_1_17' title='bbox 986 512 1048 560; x_wconf 88' lang='lat' dir='ltr'>et</span> <span class='ocrx_word' id='word_1_18' title='bbox 1106 504 1231 578; x_wconf 91' lang='lat' dir='ltr'>ipse</span> <span class='ocrx_word' id='word_1_19' title='bbox 1289 503 1646 580; x_wconf 77' lang='grc' dir='ltr'>κορυθαίολος</span> <span class='ocrx_word' id='word_1_20' title='bbox 1705 511 1865 562; x_wconf 87' lang='lat' dir='ltr'>erat:</span> 
     </span>
     <span class='ocr_line' id='line_1_4' title="bbox 118 600 1867 680; baseline -0.003 -19"><span class='ocrx_word' id='word_1_21' title='bbox 118 606 216 680; x_wconf 91' lang='lat' dir='ltr'>qui</span> <span class='ocrx_word' id='word_1_22' title='bbox 256 603 444 678; x_wconf 87' lang='lat' dir='ltr'>proelii</span> <span class='ocrx_word' id='word_1_23' title='bbox 486 602 791 677; x_wconf 87' lang='lat' dir='ltr'>cujusdam</span> <span class='ocrx_word' id='word_1_24' title='bbox 831 602 1000 657; x_wconf 91' lang='lat' dir='ltr'>initio</span> <span class='ocrx_word' id='word_1_25' title='bbox 1041 601 1130 657; x_wconf 89' lang='lat' dir='ltr'>his</span> <span class='ocrx_word' id='word_1_26' title='bbox 1160 601 1283 657; x_wconf 89' lang='lat' dir='ltr'>fere</span> <span class='ocrx_word' id='word_1_27' title='bbox 1314 600 1507 657; x_wconf 86' lang='lat' dir='ltr'>verbis</span> <span class='ocrx_word' id='word_1_28' title='bbox 1538 601 1867 656; x_wconf 82' lang='lat' dir='ltr'>exercitum</span> 
     </span>
     <span class='ocr_line' id='line_1_5' title="bbox 116 696 1871 772; baseline -0.004 -15"><span class='ocrx_word' id='word_1_29' title='bbox 116 709 206 758; x_wconf 88' lang='lat' dir='ltr'>est</span> <span class='ocrx_word' id='word_1_30' title='bbox 241 696 600 772; x_wconf 76' lang='lat' dir='ltr'>allocutusk:</span> <span class='ocrx_word' id='word_1_31' title='bbox 647 704 682 730; x_wconf 80' lang='lat'>‘⁶</span> <span class='ocrx_word' id='word_1_32' title='bbox 707 698 931 755; x_wconf 80' lang='lat' dir='ltr'>Cavete</span> <span class='ocrx_word' id='word_1_33' title='bbox 967 698 1288 772; x_wconf 84' lang='lat' dir='ltr'>quidquam</span> <span class='ocrx_word' id='word_1_34' title='bbox 1334 696 1684 753; x_wconf 78' lang='lat' dir='ltr'>intueamini</span> <span class='ocrx_word' id='word_1_35' title='bbox 1723 715 1871 771; x_wconf 82' lang='lat' dir='ltr'>pug-</span> 
     </span>
     <span class='ocr_line' id='line_1_6' title="bbox 118 791 1869 870; baseline -0.005 -17"><span class='ocrx_word' id='word_1_36' title='bbox 118 803 339 862; x_wconf 82' lang='lat' dir='ltr'>nanteS‚</span> <span class='ocrx_word' id='word_1_37' title='bbox 371 802 588 870; x_wconf 86' lang='lat' dir='ltr'>praeter</span> <span class='ocrx_word' id='word_1_38' title='bbox 617 793 927 851; x_wconf 86' lang='lat' dir='ltr'>candidam</span> <span class='ocrx_word' id='word_1_39' title='bbox 957 793 1109 850; x_wconf 90' lang='lat' dir='ltr'>hanc</span> <span class='ocrx_word' id='word_1_40' title='bbox 1141 795 1397 850; x_wconf 88' lang='lat' dir='ltr'>cristam.</span> <span class='ocrx_word' id='word_1_41' title='bbox 1487 792 1699 859; x_wconf 81' lang='lat' dir='ltr'>Quoad</span> <span class='ocrx_word' id='word_1_42' title='bbox 1738 791 1869 846; x_wconf 86' lang='lat' dir='ltr'>haec</span> 
     </span>
     <span class='ocr_line' id='line_1_7' title="bbox 118 888 1869 968; baseline -0.003 -20"><span class='ocrx_word' id='word_1_43' title='bbox 118 893 534 968; x_wconf 80' lang='lat' dir='ltr'>progredietur,</span> <span class='ocrx_word' id='word_1_44' title='bbox 581 910 683 947; x_wconf 89' lang='lat' dir='ltr'>vos</span> <span class='ocrx_word' id='word_1_45' title='bbox 726 890 1223 966; x_wconf 82' lang='lat' dir='ltr'>progrediamini3</span> <span class='ocrx_word' id='word_1_46' title='bbox 1286 908 1396 946; x_wconf 90' lang='lat' dir='ltr'>nec</span> <span class='ocrx_word' id='word_1_47' title='bbox 1439 908 1719 963; x_wconf 84' lang='lat' dir='ltr'>unquam,</span> <span class='ocrx_word' id='word_1_48' title='bbox 1759 888 1869 943; x_wconf 87' lang='lat' dir='ltr'>nisi</span> 
     </span>
    </p>
   </div>
   <div class='ocr_carea' id='block_1_3' title="bbox 24 982 1872 1060">
    <p class='ocr_par' dir='ltr' id='par_1_3' title="bbox 24 982 1872 1060">
     <span class='ocr_line' id='line_1_8' title="bbox 24 982 1872 1060; baseline -0.001 -20"><span class='ocrx_word' id='word_1_49' title='bbox 24 1021 41 1040; x_wconf 68' lang='lat'><em>0</em></span> <span class='ocrx_word' id='word_1_50' title='bbox 116 995 249 1045; x_wconf 80' lang='lat' dir='ltr'>cum</span> <span class='ocrx_word' id='word_1_51' title='bbox 281 1007 351 1044; x_wconf 89' lang='lat' dir='ltr'>ea</span> <span class='ocrx_word' id='word_1_52' title='bbox 380 989 633 1053; x_wconf 87' lang='lat' dir='ltr'>recedet,</span> <span class='ocrx_word' id='word_1_53' title='bbox 659 1006 761 1043; x_wconf 86' lang='lat' dir='ltr'>vos</span> <span class='ocrx_word' id='word_1_54' title='bbox 786 988 859 1043; x_wconf 88' lang='lat' dir='ltr'>de</span> <span class='ocrx_word' id='word_1_55' title='bbox 890 986 1022 1043; x_wconf 90' lang='lat' dir='ltr'>loco</span> <span class='ocrx_word' id='word_1_56' title='bbox 1046 987 1378 1043; x_wconf 88' lang='lat' dir='ltr'>cedendum</span> <span class='ocrx_word' id='word_1_57' title='bbox 1402 984 1677 1060; x_wconf 87' lang='lat' dir='ltr'>putetis.’&#39;</span> <span class='ocrx_word' id='word_1_58' title='bbox 1730 982 1872 1040; x_wconf 84' lang='lat' dir='ltr'>Cre-</span> 
     </span>
    </p>
   </div>
   <div class='ocr_carea' id='block_1_4' title="bbox 115 1081 1873 2470">
    <p class='ocr_par' dir='ltr' id='par_1_4' title="bbox 115 1081 1873 2131">
     <span class='ocr_line' id='line_1_9' title="bbox 117 1081 1870 1156; baseline -0.004 -15"><span class='ocrx_word' id='word_1_59' title='bbox 117 1085 298 1141; x_wconf 87' lang='lat' dir='ltr'>dibile</span> <span class='ocrx_word' id='word_1_60' title='bbox 350 1090 456 1150; x_wconf 89' lang='lat' dir='ltr'>est,</span> <span class='ocrx_word' id='word_1_61' title='bbox 507 1083 806 1151; x_wconf 77' lang='lat' dir='ltr'>HectoriS‚</span> <span class='ocrx_word' id='word_1_62' title='bbox 855 1084 1008 1140; x_wconf 91' lang='lat' dir='ltr'>sicut</span> <span class='ocrx_word' id='word_1_63' title='bbox 1067 1082 1334 1149; x_wconf 88' lang='lat' dir='ltr'>Henrici,</span> <span class='ocrx_word' id='word_1_64' title='bbox 1383 1083 1762 1156; x_wconf 79' lang='lat' dir='ltr'>conspicuam</span> <span class='ocrx_word' id='word_1_65' title='bbox 1811 1081 1870 1135; x_wconf 90' lang='lat' dir='ltr'>in</span> 
     </span>
     <span class='ocr_line' id='line_1_10' title="bbox 116 1175 1871 1250; baseline -0.003 -13"><span class='ocrx_word' id='word_1_66' title='bbox 116 1181 240 1238; x_wconf 84' lang='lat' dir='ltr'>acie</span> <span class='ocrx_word' id='word_1_67' title='bbox 270 1180 445 1236; x_wconf 88' lang='lat' dir='ltr'>fuisse</span> <span class='ocrx_word' id='word_1_68' title='bbox 475 1179 742 1247; x_wconf 88' lang='lat' dir='ltr'>formam,</span> <span class='ocrx_word' id='word_1_69' title='bbox 778 1198 898 1235; x_wconf 91' lang='lat' dir='ltr'>non</span> <span class='ocrx_word' id='word_1_70' title='bbox 934 1184 1056 1234; x_wconf 87' lang='lat' dir='ltr'>tam</span> <span class='ocrx_word' id='word_1_71' title='bbox 1099 1183 1412 1243; x_wconf 84' lang='lat' dir='ltr'>armatura,</span> <span class='ocrx_word' id='word_1_72' title='bbox 1445 1195 1623 1250; x_wconf 90' lang='lat' dir='ltr'>quam</span> <span class='ocrx_word' id='word_1_73' title='bbox 1668 1175 1871 1250; x_wconf 90' lang='lat' dir='ltr'>rapido</span> 
     </span>
     <span class='ocr_line' id='line_1_11' title="bbox 117 1272 1872 1349; baseline -0.002 -17"><span class='ocrx_word' id='word_1_74' title='bbox 117 1283 298 1333; x_wconf 76' lang='lat' dir='ltr'>motu·</span> <span class='ocrx_word' id='word_1_75' title='bbox 387 1275 560 1344; x_wconf 81' lang='lat' dir='ltr'>Quod</span> <span class='ocrx_word' id='word_1_76' title='bbox 605 1282 809 1332; x_wconf 86' lang='lat' dir='ltr'>autem</span> <span class='ocrx_word' id='word_1_77' title='bbox 854 1272 1039 1331; x_wconf 73' lang='grc' dir='ltr'>οὔλιον</span> <span class='ocrx_word' id='word_1_78' title='bbox 1082 1272 1344 1349; x_wconf 89' lang='lat' dir='ltr'>appellat</span> <span class='ocrx_word' id='word_1_79' title='bbox 1389 1273 1568 1340; x_wconf 83' lang='lat' dir='ltr'>sidus,</span> <span class='ocrx_word' id='word_1_80' title='bbox 1604 1273 1872 1329; x_wconf 90' lang='lat' dir='ltr'>sentiunt</span> 
     </span>
     <span class='ocr_line' id='line_1_12' title="bbox 118 1369 1871 1446; baseline -0.002 -19"><span class='ocrx_word' id='word_1_81' title='bbox 118 1390 317 1428; x_wconf 90' lang='lat' dir='ltr'>omnes</span> <span class='ocrx_word' id='word_1_82' title='bbox 383 1390 559 1446; x_wconf 87' lang='lat' dir='ltr'>quam</span> <span class='ocrx_word' id='word_1_83' title='bbox 632 1370 975 1445; x_wconf 76' lang='lat' dir='ltr'>praeclaram</span> <span class='ocrx_word' id='word_1_84' title='bbox 1047 1389 1117 1426; x_wconf 89' lang='lat' dir='ltr'>ea</span> <span class='ocrx_word' id='word_1_85' title='bbox 1189 1388 1307 1425; x_wconf 77' lang='lat' dir='ltr'>vox</span> <span class='ocrx_word' id='word_1_86' title='bbox 1380 1369 1871 1444; x_wconf 86' lang='lat' dir='ltr'>significationem</span> 
     </span>
     <span class='ocr_line' id='line_1_13' title="bbox 117 1451 1872 1539; baseline -0.002 -15"><span class='ocrx_word' id='word_1_87' title='bbox 117 1451 348 1525; x_wconf 82' lang='lat' dir='ltr'>habeat.</span> <span class='ocrx_word' id='word_1_88' title='bbox 434 1466 474 1523; x_wconf 91' lang='lat' dir='ltr'><strong>J</strong></span> <span class='ocrx_word' id='word_1_89' title='bbox 477 1486 572 1523; x_wconf 90' lang='lat' dir='ltr'>am</span> <span class='ocrx_word' id='word_1_90' title='bbox 617 1467 776 1523; x_wconf 91' lang='lat' dir='ltr'>enim</span> <span class='ocrx_word' id='word_1_91' title='bbox 819 1486 939 1522; x_wconf 89' lang='lat' dir='ltr'>non</span> <span class='ocrx_word' id='word_1_92' title='bbox 983 1467 1160 1522; x_wconf 90' lang='lat' dir='ltr'>meris</span> <span class='ocrx_word' id='word_1_93' title='bbox 1201 1465 1405 1533; x_wconf 88' lang='grc'><strong>0011113,</strong></span> <span class='ocrx_word' id='word_1_94' title='bbox 1445 1456 1548 1522; x_wconf 82' lang='grc' dir='ltr'><strong>3οᾶ</strong></span> <span class='ocrx_word' id='word_1_95' title='bbox 1587 1472 1872 1539; x_wconf 86' lang='lat' dir='ltr'>tanquam</span> 
     </span>
     <span class='ocr_line' id='line_1_14' title="bbox 117 1564 1651 1641; baseline 0 -19"><span class='ocrx_word' id='word_1_96' title='bbox 117 1568 373 1641; x_wconf 59' lang='lat' dir='ltr'>Praesaga</span> <span class='ocrx_word' id='word_1_97' title='bbox 399 1573 601 1621; x_wconf 89' lang='lat' dir='ltr'>mente</span> <span class='ocrx_word' id='word_1_98' title='bbox 629 1565 746 1622; x_wconf 91' lang='lat' dir='ltr'>huc</span> <span class='ocrx_word' id='word_1_99' title='bbox 775 1564 917 1622; x_wconf 89' lang='lat' dir='ltr'>illuc</span> <span class='ocrx_word' id='word_1_100' title='bbox 948 1564 1301 1621; x_wconf 88' lang='lat' dir='ltr'>volitantem</span> <span class='ocrx_word' id='word_1_101' title='bbox 1335 1566 1651 1622; x_wconf 72' lang='lat' dir='ltr'>cernimus,</span> 
     </span>
     <span class='ocr_line' id='line_1_15' title="bbox 124 1662 1873 1737; baseline 0 -19"><span class='ocrx_word' id='word_1_102' title='bbox 124 1689 128 1695; x_wconf 59' lang='lat'><em>‘</em></span> <span class='ocrx_word' id='word_1_103' title='bbox 203 1662 412 1719; x_wconf 85' lang='lat' dir='ltr'>Parem</span> <span class='ocrx_word' id='word_1_104' title='bbox 463 1664 524 1718; x_wconf 92' lang='lat' dir='ltr'>in</span> <span class='ocrx_word' id='word_1_105' title='bbox 579 1662 842 1719; x_wconf 82' lang='lat' dir='ltr'>dissimili</span> <span class='ocrx_word' id='word_1_106' title='bbox 898 1664 1148 1719; x_wconf 88' lang='lat' dir='ltr'>materia</span> <span class='ocrx_word' id='word_1_107' title='bbox 1199 1663 1319 1718; x_wconf 90' lang='lat' dir='ltr'>vim</span> <span class='ocrx_word' id='word_1_108' title='bbox 1371 1682 1489 1737; x_wconf 84' lang='lat' dir='ltr'>prae</span> <span class='ocrx_word' id='word_1_109' title='bbox 1541 1682 1603 1720; x_wconf 91' lang='lat' dir='ltr'>se</span> <span class='ocrx_word' id='word_1_110' title='bbox 1654 1663 1873 1729; x_wconf 88' lang='lat' dir='ltr'>ferunt,</span> 
     </span>
     <span class='ocr_line' id='line_1_16' title="bbox 115 1758 1872 1834; baseline 0.001 -20"><span class='ocrx_word' id='word_1_111' title='bbox 115 1762 243 1833; x_wconf 79' lang='lat' dir='ltr'>quae</span> <span class='ocrx_word' id='word_1_112' title='bbox 274 1758 537 1815; x_wconf 85' lang='lat' dir='ltr'>Hectora</span> <span class='ocrx_word' id='word_1_113' title='bbox 567 1759 907 1815; x_wconf 89' lang='lat' dir='ltr'>describunt</span> <span class='ocrx_word' id='word_1_114' title='bbox 947 1759 1196 1815; x_wconf 87' lang='lat' dir='ltr'>navibus</span> <span class='ocrx_word' id='word_1_115' title='bbox 1230 1759 1358 1834; x_wconf 90' lang='lat' dir='ltr'>jam</span> <span class='ocrx_word' id='word_1_116' title='bbox 1392 1760 1639 1834; x_wconf 88' lang='lat' dir='ltr'>jamque</span> <span class='ocrx_word' id='word_1_117' title='bbox 1678 1760 1872 1816; x_wconf 89' lang='lat' dir='ltr'>immi-</span> 
     </span>
     <span class='ocr_line' id='line_1_17' title="bbox 117 1853 1873 1931; baseline 0.001 -22"><span class='ocrx_word' id='word_1_118' title='bbox 117 1858 392 1910; x_wconf 75' lang='lat' dir='ltr'>nentem:</span> <span class='ocrx_word' id='word_1_119' title='bbox 453 1854 736 1910; x_wconf 86' lang='lat' dir='ltr'>acerrima</span> <span class='ocrx_word' id='word_1_120' title='bbox 791 1853 909 1921; x_wconf 88' lang='lat' dir='ltr'>illa,</span> <span class='ocrx_word' id='word_1_121' title='bbox 963 1861 1025 1910; x_wconf 92' lang='lat' dir='ltr'>et</span> <span class='ocrx_word' id='word_1_122' title='bbox 1076 1861 1334 1922; x_wconf 87' lang='lat' dir='ltr'>actuosa,</span> <span class='ocrx_word' id='word_1_123' title='bbox 1388 1863 1450 1912; x_wconf 91' lang='lat' dir='ltr'>et</span> <span class='ocrx_word' id='word_1_124' title='bbox 1502 1873 1751 1931; x_wconf 80' lang='lat' dir='ltr'>prorsUS‚</span> <span class='ocrx_word' id='word_1_125' title='bbox 1805 1859 1873 1910; x_wconf 86' lang='lat' dir='ltr'>ut</span> 
     </span>
     <span class='ocr_line' id='line_1_18' title="bbox 120 1946 747 2016; baseline 0.002 -10"><span class='ocrx_word' id='word_1_126' title='bbox 120 1950 294 2006; x_wconf 87' lang='lat' dir='ltr'>verbo</span> <span class='ocrx_word' id='word_1_127' title='bbox 324 1950 534 2016; x_wconf 89' lang='lat' dir='ltr'>dicam,</span> <span class='ocrx_word' id='word_1_128' title='bbox 566 1946 747 2007; x_wconf 68' lang='lat' dir='ltr'>veral.</span> 
     </span>
     <span class='ocr_line' id='line_1_19' title="bbox 123 2050 1457 2131; baseline 0.001 -17"><span class='ocrx_word' id='word_1_129' title='bbox 123 2054 127 2060; x_wconf 31' lang='lat'><em>⁶</em></span> <span class='ocrx_word' id='word_1_130' title='bbox 398 2070 567 2129; x_wconf 83' lang='grc' dir='ltr'>Ἕκτωρ</span> <span class='ocrx_word' id='word_1_131' title='bbox 590 2072 636 2115; x_wconf 85' lang='grc' dir='ltr'>δέ</span> <span class='ocrx_word' id='word_1_132' title='bbox 658 2071 851 2130; x_wconf 85' lang='grc' dir='ltr'>πρῦμνης</span> <span class='ocrx_word' id='word_1_133' title='bbox 872 2073 965 2118; x_wconf 87' lang='grc' dir='ltr'>νεὸς</span> <span class='ocrx_word' id='word_1_134' title='bbox 986 2072 1134 2130; x_wconf 78' lang='grc' dir='ltr'>ἥψατο</span> <span class='ocrx_word' id='word_1_135' title='bbox 1154 2050 1457 2131; x_wconf 72' lang='grc' dir='ltr'>ποντάποροιο,</span> 
     </span>
    </p>

    <p class='ocr_par' dir='ltr' id='par_1_5' title="bbox 408 2143 1350 2201">
     <span class='ocr_line' id='line_1_20' title="bbox 408 2143 1350 2201; baseline 0.003 -15"><span class='ocrx_word' id='word_1_136' title='bbox 408 2145 553 2199; x_wconf 87' lang='grc' dir='ltr'>καλῆς,</span> <span class='ocrx_word' id='word_1_137' title='bbox 576 2144 785 2195; x_wconf 87' lang='grc' dir='ltr'>ὠκυάλου,</span> <span class='ocrx_word' id='word_1_138' title='bbox 808 2143 833 2200; x_wconf 85' lang='grc' dir='ltr'>ἢ</span> <span class='ocrx_word' id='word_1_139' title='bbox 855 2144 1173 2201; x_wconf 85' lang='grc' dir='ltr'>Πρωτεσίλαον</span> <span class='ocrx_word' id='word_1_140' title='bbox 1194 2145 1350 2189; x_wconf 78' lang='grc' dir='ltr'>ἔνεικεν</span> 
     </span>
    </p>

    <p class='ocr_par' dir='ltr' id='par_1_6' title="bbox 117 2215 1872 2470">
     <span class='ocr_line' id='line_1_21' title="bbox 408 2215 1470 2276; baseline 0.004 -18"><span class='ocrx_word' id='word_1_141' title='bbox 408 2215 452 2260; x_wconf 81' lang='grc' dir='ltr'>ἐς</span> <span class='ocrx_word' id='word_1_142' title='bbox 471 2216 638 2273; x_wconf 85' lang='grc' dir='ltr'>Τροίην,</span> <span class='ocrx_word' id='word_1_143' title='bbox 660 2216 748 2260; x_wconf 84' lang='grc' dir='ltr'>οὐδ’</span> <span class='ocrx_word' id='word_1_144' title='bbox 771 2216 889 2262; x_wconf 76' lang='grc' dir='ltr'>αὖτις</span> <span class='ocrx_word' id='word_1_145' title='bbox 908 2215 1105 2274; x_wconf 76' lang='grc' dir='ltr'>ἀπήγαγε</span> <span class='ocrx_word' id='word_1_146' title='bbox 1123 2217 1310 2274; x_wconf 85' lang='grc' dir='ltr'>πατρίδα</span> <span class='ocrx_word' id='word_1_147' title='bbox 1329 2220 1470 2276; x_wconf 84' lang='grc' dir='ltr'>γαῖαν.</span> 
     </span>
     <span class='ocr_line' id='line_1_22' title="bbox 122 2314 1872 2395; baseline 0.002 -22"><span class='ocrx_word' id='word_1_148' title='bbox 122 2314 377 2373; x_wconf 85' lang='lat' dir='ltr'>Videtur</span> <span class='ocrx_word' id='word_1_149' title='bbox 432 2319 597 2391; x_wconf 87' lang='lat' dir='ltr'>quasi</span> <span class='ocrx_word' id='word_1_150' title='bbox 656 2319 868 2375; x_wconf 89' lang='lat' dir='ltr'>ominis</span> <span class='ocrx_word' id='word_1_151' title='bbox 927 2317 1058 2375; x_wconf 91' lang='lat' dir='ltr'>loco</span> <span class='ocrx_word' id='word_1_152' title='bbox 1117 2318 1430 2376; x_wconf 85' lang='lat' dir='ltr'>Protesilai</span> <span class='ocrx_word' id='word_1_153' title='bbox 1489 2338 1703 2376; x_wconf 88' lang='lat' dir='ltr'>navem</span> <span class='ocrx_word' id='word_1_154' title='bbox 1754 2338 1872 2395; x_wconf 84' lang='lat' dir='ltr'>prae</span> 
     </span>
     <span class='ocr_line' id='line_1_23' title="bbox 117 2410 711 2470; baseline 0.007 -5"><span class='ocrx_word' id='word_1_155' title='bbox 117 2410 345 2468; x_wconf 87' lang='lat' dir='ltr'>caeteris</span> <span class='ocrx_word' id='word_1_156' title='bbox 389 2413 711 2470; x_wconf 85' lang='lat' dir='ltr'>nominare.</span> 
     </span>
    </p>
   </div>
   <div class='ocr_carea' id='block_1_5' title="bbox 407 2532 1360 2592">
    <p class='ocr_par' dir='ltr' id='par_1_7' title="bbox 407 2532 1360 2592">
     <span class='ocr_line' id='line_1_24' title="bbox 407 2532 1360 2592; baseline 0.003 -17"><span class='ocrx_word' id='word_1_157' title='bbox 407 2535 563 2589; x_wconf 87' lang='grc' dir='ltr'>τοῦπερ</span> <span class='ocrx_word' id='word_1_158' title='bbox 585 2532 636 2588; x_wconf 89' lang='grc' dir='ltr'>δὴ</span> <span class='ocrx_word' id='word_1_159' title='bbox 657 2533 756 2591; x_wconf 83' lang='grc' dir='ltr'>περὶ</span> <span class='ocrx_word' id='word_1_160' title='bbox 776 2535 874 2589; x_wconf 87' lang='grc' dir='ltr'>νηὸς</span> <span class='ocrx_word' id='word_1_161' title='bbox 891 2533 1065 2592; x_wconf 89' lang='grc' dir='ltr'>Ἀχαιοί</span> <span class='ocrx_word' id='word_1_162' title='bbox 1085 2553 1132 2578; x_wconf 92' lang='grc' dir='ltr'>τε</span> <span class='ocrx_word' id='word_1_163' title='bbox 1152 2535 1294 2592; x_wconf 79' lang='grc' dir='ltr'>Τρῶές</span> <span class='ocrx_word' id='word_1_164' title='bbox 1313 2553 1360 2579; x_wconf 92' lang='grc' dir='ltr'>τε</span> 
     </span>
    </p>
   </div>
   <div class='ocr_carea' id='block_1_6' title="bbox 409 2603 1447 2666">
    <p class='ocr_par' dir='ltr' id='par_1_8' title="bbox 409 2603 1447 2666">
     <span class='ocr_line' id='line_1_25' title="bbox 409 2603 1447 2666; baseline 0.004 -19"><span class='ocrx_word' id='word_1_165' title='bbox 409 2603 538 2660; x_wconf 83' lang='grc' dir='ltr'>δῄουν</span> <span class='ocrx_word' id='word_1_166' title='bbox 557 2604 776 2661; x_wconf 81' lang='grc' dir='ltr'>ἀλλήλους</span> <span class='ocrx_word' id='word_1_167' title='bbox 796 2607 1080 2663; x_wconf 82' lang='grc' dir='ltr'>αὖτοσχεδον·</span> <span class='ocrx_word' id='word_1_168' title='bbox 1113 2606 1202 2650; x_wconf 82' lang='grc' dir='ltr'>οὐδ’</span> <span class='ocrx_word' id='word_1_169' title='bbox 1225 2607 1308 2664; x_wconf 78' lang='grc' dir='ltr'>ἄρα</span> <span class='ocrx_word' id='word_1_170' title='bbox 1328 2608 1447 2666; x_wconf 92' lang='grc' dir='ltr'>τοίγε</span> 
     </span>
    </p>
   </div>
   <div class='ocr_carea' id='block_1_7' title="bbox 405 2608 1679 3166">
    <p class='ocr_par' dir='ltr' id='par_1_9' title="bbox 408 2608 1406 2734">
     <span class='ocr_line' id='line_1_26' title="bbox 1030 2608 1040 2623; baseline 0 0"><span class='ocrx_word' id='word_1_171' title='bbox 1030 2608 1040 2623; x_wconf 62' lang='grc' dir='ltr'>ι</span> 
     </span>
     <span class='ocr_line' id='line_1_27' title="bbox 408 2676 1406 2734; baseline 0.003 -14"><span class='ocrx_word' id='word_1_172' title='bbox 408 2676 546 2730; x_wconf 81' lang='grc' dir='ltr'>τόξων</span> <span class='ocrx_word' id='word_1_173' title='bbox 566 2676 685 2722; x_wconf 79' lang='grc' dir='ltr'>ἀϊκὰς</span> <span class='ocrx_word' id='word_1_174' title='bbox 705 2677 842 2734; x_wconf 86' lang='grc' dir='ltr'>ἀμφὶς</span> <span class='ocrx_word' id='word_1_175' title='bbox 862 2677 1004 2733; x_wconf 88' lang='grc' dir='ltr'>μένον,</span> <span class='ocrx_word' id='word_1_176' title='bbox 1026 2678 1128 2722; x_wconf 84' lang='grc' dir='ltr'>οὐδέ</span> <span class='ocrx_word' id='word_1_177' title='bbox 1146 2677 1181 2722; x_wconf 82' lang='grc' dir='ltr'>τ’</span> <span class='ocrx_word' id='word_1_178' title='bbox 1205 2678 1406 2731; x_wconf 82' lang='grc' dir='ltr'>ἀκόντων,</span> 
     </span>
    </p>

    <p class='ocr_par' dir='ltr' id='par_1_10' title="bbox 405 2745 1531 2879">
     <span class='ocr_line' id='line_1_28' title="bbox 409 2745 1531 2808; baseline 0.004 -18"><span class='ocrx_word' id='word_1_179' title='bbox 409 2746 510 2790; x_wconf 87' lang='grc' dir='ltr'>ἀλλ’</span> <span class='ocrx_word' id='word_1_180' title='bbox 533 2745 615 2805; x_wconf 84' lang='grc' dir='ltr'>οἵγ’</span> <span class='ocrx_word' id='word_1_181' title='bbox 638 2747 818 2805; x_wconf 82' lang='grc' dir='ltr'>ἐγγύθεν</span> <span class='ocrx_word' id='word_1_182' title='bbox 839 2749 1073 2805; x_wconf 77' lang='grc' dir='ltr'>ἱστάμενοι,</span> <span class='ocrx_word' id='word_1_183' title='bbox 1096 2749 1168 2793; x_wconf 80' lang='grc' dir='ltr'>ἕνα</span> <span class='ocrx_word' id='word_1_184' title='bbox 1188 2750 1322 2807; x_wconf 82' lang='grc' dir='ltr'>θυμὸν</span> <span class='ocrx_word' id='word_1_185' title='bbox 1344 2751 1531 2808; x_wconf 76' lang='grc' dir='ltr'>ἔχοντες,</span> 
     </span>
     <span class='ocr_line' id='line_1_29' title="bbox 405 2812 1370 2879; baseline 0.004 -18"><span class='ocrx_word' id='word_1_186' title='bbox 405 2817 533 2873; x_wconf 80' lang='grc' dir='ltr'>ὀξέσι</span> <span class='ocrx_word' id='word_1_187' title='bbox 554 2818 605 2874; x_wconf 89' lang='grc' dir='ltr'>δὴ</span> <span class='ocrx_word' id='word_1_188' title='bbox 626 2818 863 2864; x_wconf 85' lang='grc' dir='ltr'>πελέκεσσι</span> <span class='ocrx_word' id='word_1_189' title='bbox 885 2820 952 2863; x_wconf 82' lang='grc' dir='ltr'>καὶ</span> <span class='ocrx_word' id='word_1_190' title='bbox 973 2820 1145 2876; x_wconf 83' lang='grc' dir='ltr'>ἀξίνῃσι</span> <span class='ocrx_word' id='word_1_191' title='bbox 1164 2812 1370 2879; x_wconf 79' lang='grc' dir='ltr'>μάχοντο,</span> 
     </span>
    </p>

    <p class='ocr_par' dir='ltr' id='par_1_11' title="bbox 409 2889 1538 3021">
     <span class='ocr_line' id='line_1_30' title="bbox 410 2889 1538 2951; baseline 0.005 -19"><span class='ocrx_word' id='word_1_192' title='bbox 410 2889 479 2932; x_wconf 83' lang='grc' dir='ltr'>καὶ</span> <span class='ocrx_word' id='word_1_193' title='bbox 499 2889 678 2946; x_wconf 80' lang='grc' dir='ltr'>ξίφεσιν</span> <span class='ocrx_word' id='word_1_194' title='bbox 696 2891 929 2948; x_wconf 86' lang='grc' dir='ltr'>μεγάλοισι</span> <span class='ocrx_word' id='word_1_195' title='bbox 950 2892 1019 2935; x_wconf 88' lang='grc' dir='ltr'>καὶ</span> <span class='ocrx_word' id='word_1_196' title='bbox 1040 2893 1219 2950; x_wconf 81' lang='grc' dir='ltr'>ἔγχεσιν</span> <span class='ocrx_word' id='word_1_197' title='bbox 1238 2892 1538 2951; x_wconf 82' lang='grc' dir='ltr'>ἀμφιγύοισιν.</span> 
     </span>
     <span class='ocr_line' id='line_1_31' title="bbox 409 2962 1524 3021; baseline 0.005 -17"><span class='ocrx_word' id='word_1_198' title='bbox 409 2962 556 3004; x_wconf 88' lang='grc' dir='ltr'>πολλὰ</span> <span class='ocrx_word' id='word_1_199' title='bbox 577 2962 624 3005; x_wconf 79' lang='grc' dir='ltr'>δὲ</span> <span class='ocrx_word' id='word_1_200' title='bbox 645 2962 852 3020; x_wconf 90' lang='grc' dir='ltr'>φάσγανα</span> <span class='ocrx_word' id='word_1_201' title='bbox 872 2964 996 3015; x_wconf 89' lang='grc' dir='ltr'>καλά,</span> <span class='ocrx_word' id='word_1_202' title='bbox 1016 2964 1268 3020; x_wconf 87' lang='grc' dir='ltr'>μελάνδετα,</span> <span class='ocrx_word' id='word_1_203' title='bbox 1291 2964 1524 3021; x_wconf 83' lang='grc' dir='ltr'>κωπήεντα,</span> 
     </span>
    </p>

    <p class='ocr_par' dir='ltr' id='par_1_12' title="bbox 410 3032 1679 3166">
     <span class='ocr_line' id='line_1_32' title="bbox 410 3032 1679 3096; baseline 0.006 -20"><span class='ocrx_word' id='word_1_204' title='bbox 410 3032 527 3076; x_wconf 71' lang='grc' dir='ltr'>ἄλλα</span> <span class='ocrx_word' id='word_1_205' title='bbox 545 3033 624 3089; x_wconf 78' lang='grc' dir='ltr'>μὲν</span> <span class='ocrx_word' id='word_1_206' title='bbox 645 3033 690 3077; x_wconf 82' lang='grc' dir='ltr'>ἐκ</span> <span class='ocrx_word' id='word_1_207' title='bbox 709 3039 866 3092; x_wconf 84' lang='grc' dir='ltr'>χειρῶν</span> <span class='ocrx_word' id='word_1_208' title='bbox 884 3035 1068 3092; x_wconf 80' lang='grc' dir='ltr'>χαμάδις</span> <span class='ocrx_word' id='word_1_209' title='bbox 1087 3035 1239 3088; x_wconf 86' lang='grc' dir='ltr'>πέσον,</span> <span class='ocrx_word' id='word_1_210' title='bbox 1261 3037 1380 3080; x_wconf 76' lang='grc' dir='ltr'>ἄλλα</span> <span class='ocrx_word' id='word_1_211' title='bbox 1401 3036 1438 3081; x_wconf 80' lang='grc' dir='ltr'>δ’</span> <span class='ocrx_word' id='word_1_212' title='bbox 1460 3036 1531 3082; x_wconf 82' lang='grc' dir='ltr'>ἀπ’</span> <span class='ocrx_word' id='word_1_213' title='bbox 1553 3038 1679 3096; x_wconf 75' lang='grc' dir='ltr'>ὤμων</span> 
     </span>
     <span class='ocr_line' id='line_1_33' title="bbox 411 3103 1556 3166; baseline 0.005 -18"><span class='ocrx_word' id='word_1_214' title='bbox 411 3103 575 3162; x_wconf 85' lang='grc' dir='ltr'>ἀνδρῶν</span> <span class='ocrx_word' id='word_1_215' title='bbox 594 3105 882 3162; x_wconf 81' lang='grc' dir='ltr'>μαρναμένων·</span> <span class='ocrx_word' id='word_1_216' title='bbox 916 3106 988 3164; x_wconf 86' lang='grc' dir='ltr'>ῥέε</span> <span class='ocrx_word' id='word_1_217' title='bbox 1010 3106 1046 3150; x_wconf 89' lang='grc' dir='ltr'>δ’</span> <span class='ocrx_word' id='word_1_218' title='bbox 1068 3105 1213 3164; x_wconf 82' lang='grc' dir='ltr'>αἵματι</span> <span class='ocrx_word' id='word_1_219' title='bbox 1234 3111 1336 3166; x_wconf 86' lang='grc' dir='ltr'>γαῖα</span> <span class='ocrx_word' id='word_1_220' title='bbox 1354 3109 1556 3166; x_wconf 76' lang='grc' dir='ltr'>μέλαινα.</span> 
     </span>
    </p>
   </div>
   <div class='ocr_carea' id='block_1_8' title="bbox 122 3199 1873 3477">
    <p class='ocr_par' dir='ltr' id='par_1_13' title="bbox 122 3199 1873 3477">
     <span class='ocr_line' id='line_1_34' title="bbox 122 3199 1873 3287; baseline 0.006 -28"><span class='ocrx_word' id='word_1_221' title='bbox 122 3199 355 3279; x_wconf 85' lang='lat' dir='ltr'>Satisne</span> <span class='ocrx_word' id='word_1_222' title='bbox 385 3205 644 3264; x_wconf 85' lang='lat' dir='ltr'>declarat</span> <span class='ocrx_word' id='word_1_223' title='bbox 680 3226 743 3265; x_wconf 92' lang='lat' dir='ltr'>se</span> <span class='ocrx_word' id='word_1_224' title='bbox 773 3228 911 3266; x_wconf 91' lang='lat' dir='ltr'>cum</span> <span class='ocrx_word' id='word_1_225' title='bbox 946 3207 1309 3268; x_wconf 87' lang='lat' dir='ltr'>bellantibus</span> <span class='ocrx_word' id='word_1_226' title='bbox 1345 3212 1583 3279; x_wconf 84' lang='lat' dir='ltr'>sentire,</span> <span class='ocrx_word' id='word_1_227' title='bbox 1616 3214 1716 3287; x_wconf 80' lang='lat' dir='ltr'>q&#39;ui</span> <span class='ocrx_word' id='word_1_228' title='bbox 1747 3220 1873 3271; x_wconf 90' lang='lat' dir='ltr'>tam</span> 
     </span>
     <span class='ocr_line' id='line_1_35' title="bbox 122 3298 1872 3383; baseline 0.007 -30"><span class='ocrx_word' id='word_1_229' title='bbox 122 3298 351 3375; x_wconf 83' lang='lat' dir='ltr'>curiose·</span> <span class='ocrx_word' id='word_1_230' title='bbox 387 3301 611 3377; x_wconf 85' lang='lat' dir='ltr'>gladios</span> <span class='ocrx_word' id='word_1_231' title='bbox 652 3303 818 3361; x_wconf 87' lang='lat' dir='ltr'>humi</span> <span class='ocrx_word' id='word_1_232' title='bbox 852 3306 1123 3379; x_wconf 87' lang='lat' dir='ltr'>jacentes</span> <span class='ocrx_word' id='word_1_233' title='bbox 1177 3314 1503 3375; x_wconf 85' lang='lat' dir='ltr'>enumeret,</span> <span class='ocrx_word' id='word_1_234' title='bbox 1549 3308 1766 3383; x_wconf 88' lang='lat' dir='ltr'>partim</span> <span class='ocrx_word' id='word_1_235' title='bbox 1810 3310 1872 3366; x_wconf 88' lang='lat' dir='ltr'>in</span> 
     </span>
     <span class='ocr_line' id='line_1_36' title="bbox 124 3394 1272 3477; baseline 0.01 -30"><span class='ocrx_word' id='word_1_236' title='bbox 124 3394 333 3469; x_wconf 80' lang='lat' dir='ltr'>vagina</span> <span class='ocrx_word' id='word_1_237' title='bbox 359 3398 707 3467; x_wconf 88' lang='lat' dir='ltr'>reconditos,</span> <span class='ocrx_word' id='word_1_238' title='bbox 739 3401 954 3475; x_wconf 86' lang='lat' dir='ltr'>partim</span> <span class='ocrx_word' id='word_1_239' title='bbox 985 3399 1272 3477; x_wconf 71' lang='lat' dir='ltr'>eductos?</span> 
     </span>
    </p>
   </div>
   <div class='ocr_carea' id='block_1_9' title="bbox 64 3592 1870 3665">
    <p class='ocr_par' dir='ltr' id='par_1_14' title="bbox 64 3592 1870 3665">
     <span class='ocr_line' id='line_1_37' title="bbox 64 3592 1870 3665; baseline 0.009 -29"><span class='ocrx_word' id='word_1_240' title='bbox 64 3626 67 3628; x_wconf 83' lang='lat'><em>-</em></span> <span class='ocrx_word' id='word_1_241' title='bbox 126 3592 150 3622; x_wconf 77' lang='lat'>¹¹</span> <span class='ocrx_word' id='word_1_242' title='bbox 173 3593 323 3647; x_wconf 85' lang='lat' dir='ltr'>Ivreae,</span> <span class='ocrx_word' id='word_1_243' title='bbox 345 3596 471 3641; x_wconf 86' lang='lat' dir='ltr'><strong>A.D.</strong></span> <span class='ocrx_word' id='word_1_244' title='bbox 498 3610 635 3656; x_wconf 86' lang='lat'>1590:</span> <span class='ocrx_word' id='word_1_245' title='bbox 659 3600 749 3645; x_wconf 86' lang='lat' dir='ltr'>vid.</span> <span class='ocrx_word' id='word_1_246' title='bbox 771 3601 902 3645; x_wconf 63' lang='lat' dir='ltr'>Mem.</span> <span class='ocrx_word' id='word_1_247' title='bbox 926 3602 977 3645; x_wconf 84' lang='lat' dir='ltr'>de</span> <span class='ocrx_word' id='word_1_248' title='bbox 999 3603 1140 3659; x_wconf 70' lang='lat' dir='ltr'>Sully,</span> <span class='ocrx_word' id='word_1_249' title='bbox 1162 3602 1239 3647; x_wconf 85' lang='lat' dir='ltr'>lib.</span> <span class='ocrx_word' id='word_1_250' title='bbox 1263 3616 1305 3659; x_wconf 82' lang='lat'>3.</span> <span class='ocrx_word' id='word_1_251' title='bbox 1556 3604 1571 3635; x_wconf 85' lang='lat'>1</span> <span class='ocrx_word' id='word_1_252' title='bbox 1594 3605 1647 3649; x_wconf 92' lang='lat' dir='ltr'>Il.</span> <span class='ocrx_word' id='word_1_253' title='bbox 1670 3623 1743 3652; x_wconf 84' lang='lat' dir='ltr'>xv.</span> <span class='ocrx_word' id='word_1_254' title='bbox 1770 3602 1870 3665; x_wconf 58' lang='lat'>704‘2</span> 
     </span>
    </p>
   </div>
  </div>
 </body>
</html>
