2320 4126
169 258 414 294 PRAEL.V1.
478 237 746 290 Primarii
761 236 965 307 partim
989 236 1165 306 quieti,
1182 236 1386 306 partim
1411 236 1616 294 actuosi.
1855 239 1926 294 79

167 384 531 442 accedamus.
649 381 960 438 Infinitum
1027 386 1182 437 esset
1253 380 1316 436 in
1384 379 1629 455 singulis
1693 381 1926 437 morari.

170 481 326 538 Satis
396 478 526 543 erit,
586 479 633 534 si
692 479 752 534 in
810 477 1012 552 paucis
1071 475 1422 551 quibusdam
1488 481 1550 532 et
1607 476 1928 534 notissimis

174 574 502 652 periculum
533 573 834 629 faciemus,

248 670 344 728 Ac
373 670 631 745 primum
662 668 921 743 quidem,
954 686 1204 744 quorum
1244 667 1462 742 scripta
1491 667 1629 724 vitae
1657 673 1929 725 tenorem

166 768 330 844 quasi
361 775 716 842 perpetuum
748 771 810 822 et
840 764 1052 822 stabile
1083 763 1379 839 quoddam
1415 764 1543 829 ἦθος
1572 764 1856 832 indicant,
1886 765 1928 821 ii

165 863 410 920 fortasse
441 881 560 918 non
590 862 967 918 incommode
997 860 1167 918 binos
1202 879 1264 917 se
1299 860 1360 915 in
1396 860 1630 917 ordines
1664 861 1926 917 revocari

169 959 486 1035 patientur.
576 958 738 1015 Nam
782 957 968 1014 veluti
1009 958 1110 1032 qui
1142 956 1409 1014 Pictores
1455 957 1517 1012 in
1560 975 1666 1013 sua
1707 976 1926 1033 genera

167 1054 595 1130 dispertiendos
639 1061 865 1121 curant,
907 1053 1148 1110 alterius
1193 1054 1513 1128 provinciae
1555 1053 1756 1127 quieta
1797 1054 1924 1109 fore

163 1152 346 1218 aiunt,
391 1150 634 1207 alterius
685 1157 926 1206 actuosa
975 1169 1043 1206 ac
1098 1150 1238 1206 vitae
1285 1149 1492 1224 plena:
1553 1149 1639 1206 ita
1688 1169 1924 1224 quoque

163 1248 274 1304 erit
316 1249 378 1303 in
421 1246 597 1303 rebus
640 1247 905 1321 poeticis
994 1244 1175 1302 Alter
1212 1245 1425 1301 itinere
1466 1244 1726 1302 fallentis
1762 1246 1922 1313 vitae,

161 1343 313 1401 alter
341 1362 539 1400 rerum
569 1343 743 1399 undis
775 1342 1144 1417 strepituque
1175 1341 1588 1398 delectabitur.
1651 1340 1923 1417 Uterque

162 1437 494 1495 efformabit
541 1437 651 1493 sibi
704 1456 870 1493 suam
920 1437 1171 1494 Poesin:
1228 1436 1477 1512 Epicam
1525 1437 1768 1505 scilicet,
1815 1446 1922 1496 aut

164 1533 582 1600 Dramaticam,
631 1539 734 1590 aut
790 1533 837 1590 si
893 1552 1010 1608 qua
1059 1533 1175 1590 alia
1224 1530 1587 1611 πράττοντας
1635 1537 1919 1601 μιμεῖσθαι

164 1630 408 1696 noverit,
440 1629 608 1705 agilis
648 1629 764 1697 hic,
793 1630 1172 1704 moribusque
1218 1636 1279 1686 et
1323 1629 1576 1705 negotiis
1618 1629 1918 1687 intentus:

163 1726 263 1800 qui
312 1732 515 1782 autem
565 1725 884 1799 tranquilla
933 1732 1213 1793 sectatur,
1266 1726 1390 1783 sive
1440 1726 1590 1782 ruris
1640 1745 1745 1783 seu
1795 1732 1919 1783 stu-

162 1821 392 1876 diorum
452 1838 673 1886 amanS‚
732 1820 781 1876 is
839 1838 979 1876 sane
1031 1818 1338 1896 Georgicis
1395 1819 1748 1894 quibusdam
1812 1826 1917 1876 aut

163 1915 457 1973 Bucolicis
488 1915 654 1971 dabit
684 1933 942 1990 operam.

242 2012 419 2080 Quod
460 2012 508 2068 si
555 2011 651 2068 cui
687 2012 838 2068 forte
883 2011 1164 2068 acciderit
1206 2011 1566 2078 humanitus,
1606 2016 1676 2068 ut
1719 2018 1915 2069 sumat

159 2109 467 2166 materiem
498 2108 606 2165 sibi
635 2109 830 2165 minus
871 2115 1096 2184 aptum,
1129 2127 1234 2165 suo
1272 2115 1377 2165 aut
1413 2127 1654 2166 suorum
1684 2125 1913 2175 errore;
1944 2185 1950 2190 .

159 2205 206 2262 si
265 2204 479 2279 praelia,
531 2204 695 2261 verbi
758 2224 950 2273 causa,
1007 2223 1333 2282 regumque
1394 2205 1533 2273 fata,
1591 2204 1915 2262 narrabunt

158 2307 191 2331 “
212 2301 538 2376 gaudentes
583 2319 717 2356 rure
768 2299 1064 2357 Camoenae
1084 2300 1131 2357 :’'
1191 2300 1459 2375 profecto
1506 2298 1912 2375 spectaculum

158 2395 316 2452 haud
338 2397 716 2453 invenustum
747 2398 1001 2454 cordatis
1028 2397 1315 2472 praebebit
1337 2397 1625 2472 ejusmodi
1655 2415 1910 2453 carmen.

158 2490 448 2549 Recurret
499 2493 659 2548 enim
705 2511 893 2566 usque
945 2492 1180 2549 Natura
1229 2493 1462 2558 victrix,
1509 2499 1798 2567 notasque
1849 2499 1911 2551 et

157 2588 342 2645 avitas
393 2588 648 2655 deliciaS,
693 2588 1062 2645 alienissimis
1106 2607 1340 2663 quoque
1386 2589 1562 2645 rebus
1605 2594 1911 2663 occupata,

155 2685 446 2759 respiciet.
535 2683 625 2741 Ut
671 2684 777 2741 fiat
823 2685 1067 2741 tandem
1106 2683 1306 2741 nobile
1345 2703 1509 2759 opuS,
1550 2703 1670 2741 non
1709 2690 1912 2741 tamen

154 2797 225 2835 eo
290 2799 524 2854 prorsus
587 2781 649 2836 in
713 2798 954 2856 genere,
1016 2780 1175 2854 quod
1239 2780 1487 2855 scriptor
1550 2779 1721 2837 initio
1784 2786 1912 2837 erat

155 2875 470 2950 professus.

238 2972 352 3028 Rei
382 2973 567 3048 igitur
594 2972 776 3047 ipsius
815 2971 1062 3029 habebis
1098 2971 1417 3040 delectum,
1448 2991 1563 3048 qua
1606 2992 1760 3040 cura,
1793 2993 1909 3049 qua

153 3068 510 3142 perspicacia
566 3068 803 3143 poteris,
911 3067 1071 3124 Illud
1128 3087 1247 3125 non
1303 3068 1564 3125 multum
1620 3068 1908 3138 intererit,

157 3163 378 3238 opinor,
420 3169 706 3240 agaturne
748 3182 857 3232 res,
901 3183 977 3221 an
1020 3170 1154 3222 acta
1194 3170 1497 3233 narretur;
1543 3166 1908 3227 scenicorum

155 3276 230 3314 an
270 3258 698 3335 rhapsodorum
736 3260 858 3316 ritu
908 3259 1092 3317 semel
1142 3260 1386 3318 inventa
1430 3260 1492 3316 in
1536 3259 1734 3318 lucem
1776 3281 1910 3337 pro-

156 3353 326 3411 feras.
442 3355 577 3413 Nisi
642 3356 796 3413 forte
867 3362 972 3413 aut
1032 3354 1298 3413 Homero
1356 3356 1746 3436 Tragoediam,
1804 3364 1909 3415 aut

159 3446 494 3526 Shakspero
522 3458 724 3510 nostro
755 3452 1119 3528 Epopoeiam‚
1151 3452 1483 3528 suspicetur
1511 3452 1722 3527 aliquis
1751 3454 1908 3512 male

157 3561 466 3604 cessuram.
541 3547 808 3607 Externa
836 3555 975 3607 sunt
1002 3549 1133 3616 ista,
1158 3554 1221 3606 et
1250 3547 1609 3606 adventitia:
1646 3555 1715 3605 ut
1746 3549 1807 3606 in
1836 3550 1906 3607 iis
