2320 4126
220 286 377 321 PRAEL.
400 288 512 322 xm.
551 268 896 338 minusfhrwae
910 270 1136 339 placere,
1162 266 1356 321 duabus
1380 266 1440 320 de
1464 269 1642 320 causis.
1863 270 1966 322 221

218 411 429 469 alicubi
473 431 658 488 genus
701 412 1085 479 imitatorum,
1131 413 1328 469 nescio
1376 430 1492 486 qua
1538 409 1793 468 formula
1844 430 1970 469 sese

218 509 565 585 fingentium
597 509 670 565 ad
702 508 959 565 melioris
989 510 1093 565 aevi
1126 508 1416 583 reliquias,

299 602 568 659 Alteram
603 603 729 676 jam
770 604 1076 679 aggrediar
1114 622 1367 669 causam,
1400 620 1506 659 cur
1541 602 1967 670 existimemUS,

212 699 463 757 alienam
520 699 868 774 plerumque
926 700 1001 756 ab
1060 700 1170 756 hac
1228 699 1496 775 populari
1557 699 1650 755 via
1707 699 1967 756 futuram

216 796 443 853 Poesin.
533 794 854 863 Nimirum,
886 804 954 852 ut
986 797 1193 871 saepius
1212 797 1340 872 jam
1371 797 1645 863 diximus,
1677 796 1966 855 universae

215 891 466 948 Poeseos
496 891 556 947 id
587 891 771 947 ferme
807 898 987 966 caput
1031 891 1368 948 habendum
1413 898 1522 959 est,
1552 892 1760 966 nequis
1791 891 1968 968 digna

212 988 465 1063 indigna,
497 985 659 1043 nullo
691 986 945 1054 delectn,
977 986 1141 1043 nulla
1178 987 1463 1063 religione
1500 987 1750 1044 effutiat.
1838 987 1967 1046 Ad—

210 1081 465 1138 hibenda
502 1101 734 1156 semper
763 1082 1028 1157 quaedam
1066 1083 1230 1157 quasi
1269 1084 1634 1140 reverentia:
1682 1084 1847 1141 velut
1891 1085 1965 1141 de

210 1178 383 1235 rebus
433 1179 813 1235 sacrosanctis
865 1178 1201 1244 dicendum,
1254 1197 1392 1235 cum
1443 1179 1667 1254 pudore
1720 1187 1782 1237 et
1839 1199 1963 1238 mo-

210 1275 439 1332 destia:
512 1275 801 1350 siquidem
859 1275 959 1349 qui
1017 1275 1219 1331 nativo
1276 1276 1525 1350 impetn,
1583 1294 1703 1332 non
1761 1277 1962 1344 ascito,

211 1370 398 1428 Poeta
446 1357 657 1447 prodit,
709 1373 757 1428 is
808 1372 960 1435 bene
1019 1372 1184 1428 novit
1242 1373 1337 1448 agi
1385 1378 1516 1428 tum
1575 1373 1836 1430 maxime
1888 1375 1962 1431 de

206 1468 430 1524 arcanis
458 1469 547 1525 sui
578 1469 783 1534 cordia
816 1467 1008 1542 deque
1038 1468 1263 1525 intimis
1293 1469 1475 1525 animi
1507 1469 1785 1526 consiliis.

287 1563 426 1620 Jam
458 1583 610 1631 ver0,
643 1583 818 1638 quam
862 1564 1035 1639 plane
1078 1564 1342 1639 hospites
1385 1565 1503 1622 sint
1545 1566 1608 1621 in
1651 1565 1762 1621 hac
1799 1566 1959 1621 omni

208 1660 468 1726 materia,
495 1660 593 1734 qui
624 1678 750 1716 sese
781 1661 1232 1717 accommodant
1262 1660 1336 1717 ad
1367 1660 1671 1736 vulgarem
1702 1679 1958 1728 sensum,

208 1758 425 1813 nemini
459 1777 576 1814 non
599 1757 756 1814 ultro
780 1764 1040 1832 apparet.
1110 1756 1349 1832 Nempe
1372 1774 1406 1812 a
1429 1758 1697 1814 tunicato
1721 1757 1958 1832 popello

208 1872 343 1909 vere
385 1854 671 1929 ingenuos
718 1860 779 1909 et
827 1853 1098 1910 liberales
1149 1853 1316 1920 nihil,
1364 1860 1433 1909 ut
1478 1854 1700 1928 opinor,
1746 1852 1959 1909 clarius

206 1968 397 2024 neque
427 1950 638 2006 melius
669 1950 896 2016 dividit,
923 1968 1097 2024 quam
1130 1951 1286 2024 quod
1318 1949 1378 2005 hi
1410 1968 1515 2006 sua
1545 1950 1655 2006 sibi
1679 1949 1956 2016 habeant,

206 2044 292 2100 illi
336 2047 674 2120 importuna
707 2047 960 2120 quadam
1006 2044 1250 2101 levitate
1294 2047 1493 2101 omnia
1536 2045 1807 2102 omnibus
1849 2045 1959 2101 im-

205 2143 422 2217 pertire
479 2142 724 2198 soleant.
814 2142 1190 2217 Quapropter
1246 2142 1293 2198 si
1353 2143 1453 2216 qui
1514 2149 1679 2198 vates
1737 2142 1957 2218 egregii

203 2246 524 2313 potuerunt
566 2238 877 2313 aliquando
921 2238 1253 2313 hujusmodi
1294 2238 1506 2295 saeculo
1550 2237 1801 2313 placere,
1838 2239 1957 2294 uti-

204 2354 319 2409 que
375 2342 613 2409 propter
669 2353 740 2391 ea
794 2334 1163 2410 placuerunt,
1216 2354 1345 2409 quae
1404 2333 1654 2391 cultiora
1710 2335 1956 2392 fortasse

204 2432 438 2507 ingenia
466 2431 866 2488 condonarent
908 2432 1097 2507 magis
1132 2450 1308 2505 quam
1345 2430 1676 2488 laudarent.
1767 2431 1954 2490 Verbi

203 2529 407 2603 gratia,
460 2528 555 2585 vel
611 2529 750 2603 ipsis
807 2528 1080 2595 Athenis,
1142 2529 1393 2585 docente
1451 2528 1788 2585 Trachinias
1848 2528 1955 2586 So-

203 2624 429 2699 phocle,
474 2630 717 2698 quotam
762 2624 941 2681 fuisse
983 2625 1205 2698 putatis
1249 2623 1659 2681 subselliorum
1704 2633 1951 2700 partem,

203 2739 336 2794 quae
365 2739 484 2775 non
506 2720 692 2795 magis
714 2726 1023 2794 caperetur
1045 2720 1268 2776 acerbis
1291 2720 1406 2776 illis
1436 2727 1615 2795 atque
1639 2722 1952 2790 atrocibUS,

202 2817 437 2872 furente
494 2823 627 2890 post
685 2833 977 2872 venenum
1037 2814 1317 2881 Hercule,
1370 2833 1547 2890 quam
1607 2816 1951 2875 mollissimo

204 2911 495 2969 Deianirae
525 2911 924 2986 epithalamiO,
949 2931 1051 2969 seu
1082 2913 1331 2968 naeniam
1362 2913 1557 2969 verius
1587 2914 1880 2989 appelles:

610 3048 659 3090 τὸ
681 3046 717 3089 δ’
734 3046 1038 3105 ἄμφινείκητον
1059 3046 1173 3102 ὄμμα
1194 3048 1364 3105 νυμφᾶς

841 3118 1029 3163 ε’λέεινον
1047 3118 1234 3176 ἅμμενει·

669 3189 778 3246 κᾴπὸ
799 3191 960 3248 ματρὸς
979 3190 1100 3248 ἄφαρ

607 3261 807 3314 βέβακεν,
830 3263 887 3307 ὡς
905 3264 1056 3320 πόρτις
1077 3260 1225 3321 ἐρῆμα.

285 3383 390 3440 Sin
435 3382 757 3440 domestica
797 3384 967 3441 malit
1011 3385 1140 3458 quis
1171 3382 1493 3458 ‚exempla3
1537 3402 1742 3441 vereor
1784 3387 1946 3460 equi-

200 3479 351 3546 dem,
382 3487 450 3535 ut
479 3498 549 3535 ea
577 3498 704 3554 quae
733 3479 925 3536 dicam
971 3480 1217 3554 probare
1249 3479 1473 3536 valeam
1512 3480 1717 3554 majori
1756 3483 1943 3556 parti;

201 3573 390 3630 dicam
420 3581 637 3639 tamen,
661 3579 869 3647 utpote
893 3592 1020 3647 quae
1049 3574 1316 3648 proxime
1345 3574 1419 3630 ad
1450 3592 1572 3631 rem
1601 3573 1939 3633 hodiernam
