2320 4126
279 207 389 263 370
546 207 815 262 Maritum
841 228 875 262 a
908 209 1294 279 Clytaemnestra
1307 209 1516 282 friyz‘de
1540 205 1724 281 θωσὶρὶ.
1800 225 1961 264 PRAEL.
1982 228 2074 265 xxa

278 364 451 434 parte
496 377 636 415 cum
677 374 934 435 superna
965 357 1221 414 veritate
1264 357 1747 414 consentientem
1789 376 1930 416 eum
1973 358 2079 416 ha-

278 454 511 514 bemus
602 455 844 514 Docent
890 456 1112 532 quippe
1160 454 1357 514 Vates
1410 455 1577 523 sacri,
1623 455 1868 514 nomina
1918 457 2080 533 apud

279 554 573 633 populum
623 554 742 613 Dei
796 555 921 612 dari
975 554 1334 631 plerumque
1380 573 1503 611 non
1555 554 1684 612 sine
1732 553 1905 611 Deo:
1958 574 2081 612 non

280 654 409 712 sine
454 653 892 732 significatione
933 654 1212 731 quadam,
1244 673 1376 729 quae
1421 653 1496 710 ad
1541 653 1826 722 indolem,
1863 672 2080 723 moreS‚

281 751 553 811 fortunas
606 754 898 830 cujusque
949 753 1269 829 pertineat.
1361 751 1458 809 Ex
1504 771 1623 829 quo
1669 751 1943 822 efficitur,
1984 751 2083 810 vel

282 866 504 908 nomen
547 852 743 928 ipsum
777 849 1155 929 appellandO,
1189 870 1308 927 quo
1340 849 1473 927 quis
1503 849 1868 918 nominet-ur,
1899 857 2085 908 tesse-

282 964 412 1004 ram
464 947 768 1024 quandam
823 947 1134 1024 praesentis
1186 947 1314 1006 dari
1367 946 1679 1006 Numinis.
1769 946 1948 1007 Adeo
2006 966 2084 1006 ne

283 1044 584 1104 trivialem
622 1046 868 1123 quidem
921 1066 1050 1105 rem
1097 1046 1324 1124 absque
1364 1046 1501 1105 Deo
1551 1047 1679 1104 fieri
1720 1046 1932 1117 voluit,
1968 1067 2087 1125 qua

285 1152 416 1203 erat
445 1146 693 1223 pietate,
725 1147 1112 1225 gravissimus
1143 1147 1415 1205 omnium
1448 1145 1660 1204 Poeta.

373 1243 613 1305 Verum
658 1246 976 1305 redeamus
1029 1248 1104 1305 ad
1147 1245 1709 1325 Clytaemnestram3
1763 1266 1895 1323 quae
1947 1265 2087 1305 cum

285 1345 508 1423 primas
539 1345 667 1404 fere
696 1353 898 1423 partes
927 1354 1069 1425 agat
1099 1347 1163 1404 in
1193 1365 1265 1405 ea
1293 1345 1630 1424 Tragoedia,
1654 1346 1824 1423 cujus
1853 1365 2091 1405 summa

286 1446 383 1514 sit,
415 1443 690 1504 Deorum
726 1445 1172 1524 providentiam
1203 1446 1398 1515 tueri3
1444 1465 1566 1503 non
1611 1445 1717 1504 abs
1753 1465 1818 1504 re
1863 1447 1997 1515 erit,
2040 1446 2089 1504 si

285 1565 480 1623 pauca
508 1547 782 1623 quaedam
825 1546 1161 1615 afferemus,
1194 1566 1325 1623 quae
1366 1546 1624 1604 doceant
1654 1545 1751 1604 vel
1796 1545 1873 1604 ab
1916 1544 2091 1603 initio

289 1647 556 1707 criminis
608 1644 795 1706 tacite
840 1647 1109 1724 torqueri
1153 1665 1306 1714 eam,
1353 1647 1614 1724 angique
1667 1647 1886 1716 animo,
1929 1665 2092 1705 caeca

289 1746 577 1806 videlicet
614 1747 984 1807 conscientia
1023 1747 1290 1805 numinis
1326 1746 1480 1805 irati.
1570 1745 1668 1804 Ac
1700 1745 1882 1805 velim
1918 1766 2094 1805 accu-

289 1847 478 1906 ratius
523 1867 660 1906 eam
704 1854 1032 1925 componat
1077 1846 1294 1923 aliquis
1324 1866 1466 1905 cum
1501 1867 1691 1905 uxore
1725 1845 2090 1914 MacbethiS‚

290 1948 530 2006 intenta
562 1948 695 2025 jam
740 1947 931 2006 atroci
976 1947 1332 2024 parricidi03
1378 1966 1516 2023 quae
1561 1966 1699 2004 cum
1746 1945 1916 2005 nulla
1958 1945 2094 2004 reli-

290 2048 473 2126 gione
516 2053 816 2116 teneatur,
854 2067 932 2106 ne
979 2046 1167 2105 violet
1205 2046 1460 2124 hospitis
1500 2047 1649 2124 regii
1682 2047 1887 2116 vitam,
1917 2046 2096 2104 mira-

290 2146 414 2205 bile
462 2153 556 2204 est
600 2165 784 2223 quam
829 2145 997 2203 nullo
1043 2144 1309 2223 negotio,
1352 2144 1514 2203 facili
1552 2145 1811 2222 quadam
1856 2145 2097 2204 urbani-

290 2251 421 2304 tate
466 2263 590 2313 usa,
619 2243 783 2301 hunc
823 2244 1021 2320 ipsum
1059 2244 1487 2309 advenientem
1533 2244 1815 2320 excipiat.
1914 2243 2095 2314 Quod

292 2351 522 2412 contra,
555 2343 778 2412 durius,
809 2342 1001 2400 invita
1024 2342 1193 2418 quasi
1227 2341 1528 2412 Minerva,
1557 2342 1825 2419 profiteri
1856 2342 2097 2401 videtur

293 2442 757 2521 Clytaemnestra
816 2460 987 2499 suam
1040 2441 1116 2498 de
1167 2441 1386 2498 marito
1438 2441 1689 2499 absente
1741 2440 2096 2499 sollicitudi-

293 2562 454 2601 nem.
563 2541 886 2618 Principio,
939 2538 1043 2597 illa
1096 2556 1276 2615 quam
1338 2538 1573 2617 frigida,
1629 2560 1747 2616 quo
1807 2541 2097 2618 temporis

294 2650 524 2720 puncto
573 2642 794 2700 certior
841 2641 930 2709 fit,
980 2639 1222 2716 Trojam
1280 2638 1460 2697 armis
1508 2638 1830 2697 Graiorum
1890 2659 2099 2699 succu-

295 2742 497 2802 buisse
515 2751 543 2790 8
566 2742 575 2798 !

662 2824 922 2880 ἀνωλόλυξα
943 2823 1023 2881 μὲν
1043 2823 1182 2867 πάλαι
1202 2823 1343 2881 χαρᾶς
1366 2822 1467 2874 ὑπὸ,

661 2897 724 2944 ὅτ’
748 2896 848 2956 ἦλθ’
871 2900 895 2942 ὁ
916 2902 1091 2957 πρῶτος
1113 2896 1262 2955 νυχίος
1281 2895 1474 2956 ἅγγελος
1494 2897 1647 2954 πυρὸς,

663 2973 845 3032 φράζων
865 2970 1035 3017 ἅλωσιν
1054 2970 1191 3015 Ἰλίου
1212 2970 1248 3014 τ’
1271 2970 1533 3016 ἀνάστασιν.

665 3046 736 3090 καί
756 3064 822 3092 τις
842 3045 884 3103 μ’
909 3046 1093 3091 ἐνίπτων
1115 3040 1223 3098 εἷπε,
1246 3046 1519 3104 φρυκτώρων
1541 3043 1613 3087 διὰ

663 3119 919 3172 πεισθεῖσα,
942 3119 1103 3177 Τροίαν
1124 3121 1200 3163 νῦν
1219 3117 1528 3176 πεπορθῆσθαι
1551 3118 1693 3164 δοκεῖς
1705 3135 1737 3171 ;.
1757 3151 1766 3163 .
1789 3150 1798 3162 .
1817 3150 1827 3163 .

665 3192 785 3240 ὅπως
807 3192 843 3238 δ’
867 3192 1030 3252 ἄριστα
1051 3195 1128 3238 τὸν
1150 3192 1255 3250 ἐμὸν
1276 3192 1441 3236 αἰδοῖον
1460 3193 1596 3237 πόσιν

668 3266 854 3313 σπεύσω
874 3268 1009 3313 πάλιν
1028 3269 1225 3325 μόλοντα
1246 3265 1474 3322 δεξάσθαι·
1508 3265 1551 3310 τί
1570 3264 1656 3323 γὰρ

667 3341 838 3399 γυναικὶ
860 3338 1017 3385 τούτου
1039 3340 1212 3400 φέγγος
1231 3340 1354 3397 ἥδιον
1376 3339 1564 3397 δρακεῖν,

670 3415 757 3461 ἀπὸ
781 3415 1014 3474 στρατείας
1034 3415 1174 3474 ἀνδρὶ,
1198 3416 1430 3460 σώσαντος
1452 3413 1570 3465 θεοῦ,

671 3487 817 3535 πύλας
836 3488 1032 3545 ἀνοῖξαι;
1067 3486 1186 3533 ταῦτ’
1211 3487 1481 3547 ἀπάγγειλον
1501 3488 1650 3538 πόσει,

671 3563 790 3620 ἥκειν
812 3562 928 3610 ὅπως
949 3562 1140 3623 τάχιστ’,
1163 3562 1375 3621 ἐράσμιον
1395 3563 1539 3606 πόλει.

1042 3687 1067 3718 z
1089 3679 1244 3736 Ayam.
1269 3689 1372 3737 570.
