2320 4126
190 260 345 294 PRAE'L.
370 259 478 291 xw.
611 246 737 290 sorte
758 255 852 290 sua
877 244 1149 289 contentum
1173 253 1222 287 se
1245 235 1517 306 siynfficat.
1834 238 1943 290 237

191 384 407 459 Neque
435 383 607 440 aliter
635 382 944 439 instruitur
972 379 1313 438 Telemachi
1344 378 1498 436 cella
1527 375 1833 454 penariab:

421 535 466 579 ἐν
487 535 533 578 δὲ
553 534 658 593 γυνὴ
679 534 804 589 ταμίη
827 536 951 578 σῖτον
972 533 1039 576 καὶ
1061 530 1177 576 οἶνον
1196 531 1359 587 ἔθηκεν,

421 605 517 664 ὄψα
537 625 598 658 τε,
621 605 690 650 οἷα
710 607 860 649 ἔδουσι
882 604 1131 663 διοτρεφέες
1148 605 1377 660 βασιλῆες.

274 749 455 805 Porro
498 748 967 816 animadvertite,
1013 747 1225 822 quibus
1268 747 1429 802 idem
1470 745 1656 803 oculis
1695 746 1940 821 aspiciat

187 845 539 901 lautissimas
571 843 893 900 Phaeacum
924 843 1180 918 epulasc.

418 999 520 1043 ἔνθα
541 998 588 1042 δὲ
609 996 802 1053 Φαιήκων
821 997 1028 1055 ἡγητόρες
1049 998 1280 1055 ἑδριόωντο

417 1071 611 1116 πίνοντες
631 1070 699 1113 καὶ
719 1071 899 1115 ἔδοντες·
933 1069 1162 1126 ἐπηετανὸν
1181 1071 1266 1128 γὰρ
1289 1070 1490 1127 ἔχεο-κον.

187 1214 483 1281 Quorsum
514 1213 677 1282 illud,
701 1209 998 1280 ἐπηετανὸν
1028 1209 1141 1290 γὰρ
1171 1212 1400 1290 ἔχεσκον
1424 1232 1438 1280 ;
1487 1212 1727 1289 Nempe
1757 1215 1942 1271 admi-

187 1314 350 1364 ratur
390 1327 569 1383 parvo
613 1314 880 1365 assuetus
922 1305 1203 1381 Scriptor,
1235 1307 1512 1381 cuiquam
1556 1308 1618 1364 in
1661 1323 1941 1383 promptu

187 1422 314 1460 esse
365 1405 593 1478 copiam
644 1404 827 1480 frugis
874 1409 1141 1478 paratam
1191 1404 1252 1458 in
1301 1406 1642 1461 universum
1700 1423 1938 1461 annum.

189 1500 335 1556 Haec
374 1520 492 1556 non
537 1499 720 1557 veluti
756 1500 1158 1575 queribundus
1202 1489 1372 1556 effert
1414 1500 1615 1568 Poeta,
1659 1503 1761 1559 sed
1813 1508 1943 1558 tan-

186 1616 362 1671 quam
404 1597 561 1653 aliud
603 1599 850 1673 agendO,
883 1598 1046 1672 quasi
1076 1616 1203 1654 mos
1239 1597 1341 1654 ille
1377 1599 1454 1655 sit
1498 1600 1778 1656 diuturno
1811 1599 1939 1673 jam

186 1713 297 1750 usu
343 1695 787 1768 comprobatus:
834 1713 951 1769 qua
1001 1694 1229 1750 ratione
1278 1694 1471 1752 solent
1516 1697 1688 1773 egeni
1731 1705 1941 1771 poten-

186 1793 332 1847 tium
368 1792 690 1846 amicorum
722 1790 959 1846 delicias
983 1809 1268 1847 enarrare.

271 1886 603 1943 Homerum
635 1906 787 1953 ver0,
819 1888 1045 1960 siquem
1084 1887 1284 1954 alium,
1317 1889 1570 1965 benigne
1606 1888 1810 1946 tulisse
1849 1908 1941 1946 res

185 1989 481 2058 angustas,
511 1981 604 2039 vel
635 2002 710 2040 ex
738 1983 829 2039 his
853 1983 1197 2039 confirmare
1227 1985 1433 2051 ausim,
1452 1985 1665 2059 quibus
1698 1984 1940 2061 Ulysses

188 2078 503 2135 Eumaeum
534 2075 818 2135 solaturd:

419 2232 519 2275 ἀλλ’
543 2232 634 2289 ἥτοι
657 2233 730 2276 σοὶ
750 2232 828 2288 μὲν
847 2233 963 2290 παρὰ
986 2231 1053 2276 καὶ
1074 2235 1186 2291 κακῷ
1215 2233 1379 2277 ἔσθλον
1400 2234 1547 2290 ἔθηκεν
1626 2271 1637 2278 .

421 2305 537 2356 Ζεὺς,
560 2305 652 2348 ἐπεὶ
671 2305 826 2362 ἀνδρὸς
847 2304 1002 2362 δώματ’
1026 2305 1181 2363 ἀφίκεο
1202 2307 1350 2349 πολλὰ
1369 2309 1565 2365 μόγησας

420 2376 562 2433 ἠπίου,
585 2377 632 2422 ὅς
653 2377 703 2434 δὴ
725 2396 791 2421 τοι
811 2378 990 2435 παρέχει
1010 2378 1180 2435 βρῶσίν
1200 2396 1247 2422 τε
1267 2385 1400 2423 πόσιν
1420 2398 1467 2422 τε

420 2450 637 2499 ἐνδυκέως,
660 2452 778 2504 ζώεις
799 2450 834 2494 δ’
857 2451 1019 2509 ἀγαθὸν
1038 2451 1151 2503 βίον·
1184 2451 1318 2509 αὐτὰρ
1340 2452 1478 2510 ἔγωγε

417 2524 563 2568 πολλὰ
582 2526 753 2582 βροτῶν
774 2524 844 2568 ἐπὶ
865 2523 983 2568 ἄστε’
1005 2523 1226 2581 ἀλωμένος
1246 2524 1385 2569 ἔνθαδ’
1410 2525 1550 2569 ἱκάνω.

187 2665 520 2733 Videtisne,
570 2665 934 2733 Academici,
983 2667 1369 2741 tranquillum
1427 2689 1496 2726 ac
1553 2671 1763 2726 mitem
1815 2672 1939 2728 ani-

184 2761 390 2818 mum?
435 2762 640 2835 quaerit
669 2762 827 2818 ultro
858 2782 985 2837 quae
1015 2762 1239 2819 leniant
1279 2766 1642 2838 paupertatis
1682 2785 1936 2833 sensum,

185 2877 304 2913 non
345 2877 473 2931 quae
512 2845 873 2914 acerbiorem
917 2859 1152 2926 faciant,
1193 2860 1293 2934 qui
1337 2878 1466 2917 mos
1510 2868 1600 2917 est
1643 2861 1938 2937 plerisque

185 2953 518 3028 ingeniosis
634 2952 756 3010 Sua
813 2954 922 3010 sibi
982 2955 1193 3011 divites
1251 2954 1468 3012 habere
1528 2957 1684 3023 sinit,
1744 2977 1937 3032 neque

189 3045 470 3104 Fortunae
521 3047 590 3103 fit
637 3048 935 3106 infensus:
1002 3050 1261 3107 secunda
1304 3051 1350 3107 si
1396 3071 1524 3125 quae
1575 3052 1935 3129 obtigerunt,

186 3142 322 3199 Jovi
353 3151 595 3218 accepta
624 3145 802 3201 refert
832 3146 1049 3203 omnia.

273 3238 392 3295 Sed
442 3239 566 3296 haec
620 3241 964 3317 benigniora
1021 3243 1397 3311 videbuntur,
1454 3245 1631 3300 modo
1682 3263 1818 3301 cum
1867 3246 1937 3302 iis

188 3355 608 3411 componamus
652 3357 737 3403 ea,
786 3359 914 3414 quae
961 3339 1169 3396 effudit
1221 3348 1553 3397 nostrorum
1594 3360 1712 3397 non
1764 3341 1937 3397 mini-

305 3573 323 3601 =›
358 3571 446 3615 oa.
470 3572 530 3615 iii.
554 3583 655 3630 479·
1013 3581 1029 3599 c
1059 3574 1132 3618 vii.
1155 3558 1227 3632 98.
1570 3575 1588 3600 d
1618 3591 1690 3619 xv.
1714 3577 1814 3630 488.
