<?xml version="1.0" encoding="UTF-8"?>
<!DOCTYPE html PUBLIC "-//W3C//DTD XHTML 1.0 Transitional//EN"
    "http://www.w3.org/TR/xhtml1/DTD/xhtml1-transitional.dtd">
<html xmlns="http://www.w3.org/1999/xhtml" xml:lang="en" lang="en">
 <head>
  <title>
</title>
<meta http-equiv="Content-Type" content="text/html;charset=utf-8" />
  <meta name='ocr-system' content='tesseract 3.04.00' />
  <meta name='ocr-capabilities' content='ocr_page ocr_carea ocr_par ocr_line ocrx_word'/>
</head>
<body>
  <div class='ocr_page' id='page_1' title='image "./a588873901kebluoft_0054.png"; bbox 0 0 2320 4126; ppageno 0'>
   <div class='ocr_carea' id='block_1_1' title="bbox 442 168 2235 238">
    <p class='ocr_par' dir='ltr' id='par_1_1' title="bbox 442 168 2235 238">
     <span class='ocr_line' id='line_1_1' title="bbox 442 168 2235 238; baseline -0.002 -14"><span class='ocrx_word' id='word_1_1' title='bbox 442 175 514 224; x_wconf 69' lang='lat'>44</span> <span class='ocrx_word' id='word_1_2' title='bbox 813 171 1206 238; x_wconf 71' lang='lat' dir='ltr'>Confirmantur</span> <span class='ocrx_word' id='word_1_3' title='bbox 1229 177 1405 221; x_wconf 69' lang='lat' dir='ltr'>nostra</span> <span class='ocrx_word' id='word_1_4' title='bbox 1431 187 1492 220; x_wconf 76' lang='lat' dir='ltr'>0oe</span> <span class='ocrx_word' id='word_1_5' title='bbox 1508 168 1802 220; x_wconf 73' lang='lat' dir='ltr'><em>Aristotele.</em></span> <span class='ocrx_word' id='word_1_6' title='bbox 1978 187 2139 222; x_wconf 81' lang='lat' dir='ltr'><strong>PRAEL.</strong></span> <span class='ocrx_word' id='word_1_7' title='bbox 2163 188 2235 221; x_wconf 79' lang='lat' dir='ltr'>w.</span> 
     </span>
    </p>
   </div>
   <div class='ocr_carea' id='block_1_2' title="bbox 438 311 2249 3438">
    <p class='ocr_par' dir='ltr' id='par_1_2' title="bbox 441 311 2236 473">
     <span class='ocr_line' id='line_1_2' title="bbox 441 311 2236 389; baseline -0.002 -16"><span class='ocrx_word' id='word_1_8' title='bbox 441 314 721 374; x_wconf 80' lang='lat' dir='ltr'>remediis</span> <span class='ocrx_word' id='word_1_9' title='bbox 764 315 913 371; x_wconf 87' lang='lat' dir='ltr'>scite</span> <span class='ocrx_word' id='word_1_10' title='bbox 954 333 1022 371; x_wconf 92' lang='lat' dir='ltr'>ac</span> <span class='ocrx_word' id='word_1_11' title='bbox 1065 320 1348 389; x_wconf 89' lang='lat' dir='ltr'>potenter</span> <span class='ocrx_word' id='word_1_12' title='bbox 1383 312 1474 368; x_wconf 90' lang='lat' dir='ltr'>uti</span> <span class='ocrx_word' id='word_1_13' title='bbox 1511 311 1763 379; x_wconf 91' lang='lat' dir='ltr'>noverit,</span> <span class='ocrx_word' id='word_1_14' title='bbox 1807 330 1947 368; x_wconf 90' lang='lat' dir='ltr'>eum</span> <span class='ocrx_word' id='word_1_15' title='bbox 1991 311 2236 381; x_wconf 88' lang='lat' dir='ltr'>demum</span> 
     </span>
     <span class='ocr_line' id='line_1_3' title="bbox 442 410 1319 473; baseline -0.007 0"><span class='ocrx_word' id='word_1_16' title='bbox 442 423 505 473; x_wconf 89' lang='lat' dir='ltr'>et</span> <span class='ocrx_word' id='word_1_17' title='bbox 538 434 666 473; x_wconf 88' lang='lat' dir='ltr'>esse</span> <span class='ocrx_word' id='word_1_18' title='bbox 697 422 759 471; x_wconf 91' lang='lat' dir='ltr'>et</span> <span class='ocrx_word' id='word_1_19' title='bbox 791 414 988 471; x_wconf 92' lang='lat' dir='ltr'>vocari</span> <span class='ocrx_word' id='word_1_20' title='bbox 1022 410 1319 469; x_wconf 70' lang='lat' dir='ltr'>Poetam?</span> 
     </span>
    </p>

    <p class='ocr_par' dir='ltr' id='par_1_3' title="bbox 438 508 2248 2159">
     <span class='ocr_line' id='line_1_4' title="bbox 528 508 2241 587; baseline -0.003 -16"><span class='ocrx_word' id='word_1_21' title='bbox 528 512 624 571; x_wconf 90' lang='lat' dir='ltr'>Ac</span> <span class='ocrx_word' id='word_1_22' title='bbox 662 513 864 570; x_wconf 87' lang='lat' dir='ltr'>nescio</span> <span class='ocrx_word' id='word_1_23' title='bbox 907 511 1184 587; x_wconf 78' lang='lat' dir='ltr'>equidem</span> <span class='ocrx_word' id='word_1_24' title='bbox 1230 528 1306 566; x_wconf 90' lang='lat' dir='ltr'>an</span> <span class='ocrx_word' id='word_1_25' title='bbox 1349 509 1409 565; x_wconf 94' lang='lat' dir='ltr'>id</span> <span class='ocrx_word' id='word_1_26' title='bbox 1442 509 1601 583; x_wconf 92' lang='lat' dir='ltr'>quod</span> <span class='ocrx_word' id='word_1_27' title='bbox 1634 509 1828 566; x_wconf 90' lang='lat' dir='ltr'>dicam</span> <span class='ocrx_word' id='word_1_28' title='bbox 1873 508 2241 566; x_wconf 80' lang='lat' dir='ltr'>doctioribus</span> 
     </span>
     <span class='ocr_line' id='line_1_5' title="bbox 441 605 2242 687; baseline -0.003 -19"><span class='ocrx_word' id='word_1_29' title='bbox 441 613 586 668; x_wconf 85' lang='lat' dir='ltr'>satis</span> <span class='ocrx_word' id='word_1_30' title='bbox 640 611 889 687; x_wconf 88' lang='lat' dir='ltr'>probare</span> <span class='ocrx_word' id='word_1_31' title='bbox 937 608 1194 685; x_wconf 82' lang='lat' dir='ltr'>possim:</span> <span class='ocrx_word' id='word_1_32' title='bbox 1263 605 1413 662; x_wconf 88' lang='lat' dir='ltr'>mihi</span> <span class='ocrx_word' id='word_1_33' title='bbox 1466 614 1630 663; x_wconf 89' lang='lat' dir='ltr'>certe</span> <span class='ocrx_word' id='word_1_34' title='bbox 1684 625 1955 664; x_wconf 80' lang='lat' dir='ltr'>summus</span> <span class='ocrx_word' id='word_1_35' title='bbox 2003 625 2242 682; x_wconf 91' lang='lat' dir='ltr'>quoque</span> 
     </span>
     <span class='ocr_line' id='line_1_6' title="bbox 441 703 2243 774; baseline -0.002 -10"><span class='ocrx_word' id='word_1_36' title='bbox 441 708 544 764; x_wconf 92' lang='lat' dir='ltr'>ille</span> <span class='ocrx_word' id='word_1_37' title='bbox 584 707 861 774; x_wconf 82' lang='grc' dir='ltr'>μιμησέως</span> <span class='ocrx_word' id='word_1_38' title='bbox 906 713 1117 764; x_wconf 87' lang='lat' dir='ltr'>auctor</span> <span class='ocrx_word' id='word_1_39' title='bbox 1158 712 1221 761; x_wconf 92' lang='lat' dir='ltr'>et</span> <span class='ocrx_word' id='word_1_40' title='bbox 1251 704 1529 760; x_wconf 89' lang='lat' dir='ltr'>laudator</span> <span class='ocrx_word' id='word_1_41' title='bbox 1558 703 1939 769; x_wconf 58' lang='lat' dir='ltr'>Aristotelea</span> <span class='ocrx_word' id='word_1_42' title='bbox 1971 703 2095 760; x_wconf 90' lang='lat' dir='ltr'>tale</span> <span class='ocrx_word' id='word_1_43' title='bbox 2136 703 2243 761; x_wconf 89' lang='lat' dir='ltr'>ali-</span> 
     </span>
     <span class='ocr_line' id='line_1_7' title="bbox 440 802 2242 881; baseline -0.003 -18"><span class='ocrx_word' id='word_1_44' title='bbox 440 807 603 881; x_wconf 86' lang='lat' dir='ltr'>quid,</span> <span class='ocrx_word' id='word_1_45' title='bbox 635 805 811 881; x_wconf 91' lang='lat' dir='ltr'>quale</span> <span class='ocrx_word' id='word_1_46' title='bbox 842 824 969 871; x_wconf 86' lang='grc'>1108,</span> <span class='ocrx_word' id='word_1_47' title='bbox 1002 803 1329 860; x_wconf 85' lang='lat' dir='ltr'>Poetarum</span> <span class='ocrx_word' id='word_1_48' title='bbox 1362 802 1684 858; x_wconf 77' lang='lat' dir='ltr'>discrimen</span> <span class='ocrx_word' id='word_1_49' title='bbox 1721 820 2045 878; x_wconf 83' lang='lat' dir='ltr'>agnoscere</span> <span class='ocrx_word' id='word_1_50' title='bbox 2077 802 2242 858; x_wconf 87' lang='lat' dir='ltr'>vide-</span> 
     </span>
     <span class='ocr_line' id='line_1_8' title="bbox 440 898 2244 978; baseline -0.002 -18"><span class='ocrx_word' id='word_1_51' title='bbox 440 911 558 970; x_wconf 92' lang='lat' dir='ltr'>tur,</span> <span class='ocrx_word' id='word_1_52' title='bbox 584 922 703 978; x_wconf 90' lang='lat' dir='ltr'>quo</span> <span class='ocrx_word' id='word_1_53' title='bbox 735 903 798 958; x_wconf 93' lang='lat' dir='ltr'>in</span> <span class='ocrx_word' id='word_1_54' title='bbox 830 901 963 959; x_wconf 92' lang='lat' dir='ltr'>loco</span> <span class='ocrx_word' id='word_1_55' title='bbox 989 901 1314 978; x_wconf 88' lang='lat' dir='ltr'>Tragoedos</span> <span class='ocrx_word' id='word_1_56' title='bbox 1347 900 1544 966; x_wconf 87' lang='lat' dir='ltr'>docet,</span> <span class='ocrx_word' id='word_1_57' title='bbox 1577 919 1696 975; x_wconf 91' lang='lat' dir='ltr'>qua</span> <span class='ocrx_word' id='word_1_58' title='bbox 1725 899 1959 956; x_wconf 84' lang='lat' dir='ltr'>ratione</span> <span class='ocrx_word' id='word_1_59' title='bbox 1990 898 2244 957; x_wconf 87' lang='lat' dir='ltr'>affectus</span> 
     </span>
     <span class='ocr_line' id='line_1_9' title="bbox 439 992 2246 1076; baseline -0.002 -20"><span class='ocrx_word' id='word_1_60' title='bbox 439 1007 816 1057; x_wconf 73' lang='lat' dir='ltr'>moveantur.</span> <span class='ocrx_word' id='word_1_61' title='bbox 906 997 1213 1066; x_wconf 79' lang='grc' dir='ltr'><em>Χειμαίνει,</em></span> <span class='ocrx_word' id='word_1_62' title='bbox 1246 998 1464 1073; x_wconf 75' lang='lat' dir='ltr'>inquit,</span> <span class='ocrx_word' id='word_1_63' title='bbox 1495 997 1525 1052; x_wconf 89' lang='grc' dir='ltr'>ὁ</span> <span class='ocrx_word' id='word_1_64' title='bbox 1565 992 1986 1076; x_wconf 73' lang='grc' dir='ltr'>χειμαζόμενος,</span> <span class='ocrx_word' id='word_1_65' title='bbox 2017 996 2106 1053; x_wconf 79' lang='grc' dir='ltr'>καὶ</span> <span class='ocrx_word' id='word_1_66' title='bbox 2138 1021 2246 1075; x_wconf 87' lang='grc' dir='ltr'>χα-</span> 
     </span>
     <span class='ocr_line' id='line_1_10' title="bbox 438 1093 2244 1177; baseline -0.002 -22"><span class='ocrx_word' id='word_1_67' title='bbox 438 1099 683 1156; x_wconf 79' lang='grc' dir='ltr'>λεπαίνει</span> <span class='ocrx_word' id='word_1_68' title='bbox 739 1099 770 1155; x_wconf 88' lang='grc' dir='ltr'>ὁ</span> <span class='ocrx_word' id='word_1_69' title='bbox 829 1094 1196 1177; x_wconf 74' lang='grc' dir='ltr'>ὀργιζόμενος·</span> <span class='ocrx_word' id='word_1_70' title='bbox 1244 1096 1659 1163; x_wconf 83' lang='grc' dir='ltr'>ἆληθινώτατα·</span> <span class='ocrx_word' id='word_1_71' title='bbox 1725 1093 1787 1152; x_wconf 74' lang='grc' dir='ltr'>δι’</span> <span class='ocrx_word' id='word_1_72' title='bbox 1845 1095 1875 1151; x_wconf 91' lang='grc' dir='ltr'>ὁ</span> <span class='ocrx_word' id='word_1_73' title='bbox 1930 1094 2155 1175; x_wconf 74' lang='grc' dir='ltr'>εὐφυοῦς·</span> <span class='ocrx_word' id='word_1_74' title='bbox 2214 1097 2244 1162; x_wconf 85' lang='grc' dir='ltr'><strong><em>ἦ</em></strong></span> 
     </span>
     <span class='ocr_line' id='line_1_11' title="bbox 439 1191 2244 1274; baseline -0.002 -20"><span class='ocrx_word' id='word_1_75' title='bbox 439 1200 698 1265; x_wconf 74' lang='grc' dir='ltr'>’ποιητική</span> <span class='ocrx_word' id='word_1_76' title='bbox 732 1198 904 1263; x_wconf 81' lang='grc' dir='ltr'>ἐστιν,</span> <span class='ocrx_word' id='word_1_77' title='bbox 944 1196 973 1263; x_wconf 64' lang='lat'>3¹7</span> <span class='ocrx_word' id='word_1_78' title='bbox 1004 1200 1248 1264; x_wconf 82' lang='grc' dir='ltr'>μανικοῦ·</span> <span class='ocrx_word' id='word_1_79' title='bbox 1294 1194 1510 1253; x_wconf 81' lang='grc' dir='ltr'>τούτων</span> <span class='ocrx_word' id='word_1_80' title='bbox 1549 1191 1666 1274; x_wconf 73' lang='grc' dir='ltr'>γὰρ</span> <span class='ocrx_word' id='word_1_81' title='bbox 1698 1195 1753 1250; x_wconf 86' lang='grc' dir='ltr'>οἱ</span> <span class='ocrx_word' id='word_1_82' title='bbox 1780 1192 1878 1261; x_wconf 82' lang='grc' dir='ltr'>μὲν</span> <span class='ocrx_word' id='word_1_83' title='bbox 1909 1194 2244 1261; x_wconf 73' lang='grc' dir='ltr'>εὖπλαστοὶ,</span> 
     </span>
     <span class='ocr_line' id='line_1_12' title="bbox 439 1291 2246 1361; baseline -0.002 -10"><span class='ocrx_word' id='word_1_84' title='bbox 439 1296 496 1352; x_wconf 81' lang='grc' dir='ltr'>οἱ</span> <span class='ocrx_word' id='word_1_85' title='bbox 545 1293 590 1352; x_wconf 78' lang='grc' dir='ltr'>δ’</span> <span class='ocrx_word' id='word_1_86' title='bbox 644 1294 981 1352; x_wconf 76' lang='grc' dir='ltr'>ἐκστατικοί</span> <span class='ocrx_word' id='word_1_87' title='bbox 1017 1295 1205 1351; x_wconf 63' lang='lat' dir='ltr'>clame.</span> <span class='ocrx_word' id='word_1_88' title='bbox 1298 1293 1615 1361; x_wconf 80' lang='lat' dir='ltr'>Quaenam,</span> <span class='ocrx_word' id='word_1_89' title='bbox 1671 1292 1937 1360; x_wconf 80' lang='grc'>01086010,</span> <span class='ocrx_word' id='word_1_90' title='bbox 1987 1291 2105 1349; x_wconf 90' lang='lat' dir='ltr'>alia</span> <span class='ocrx_word' id='word_1_91' title='bbox 2158 1292 2246 1349; x_wconf 90' lang='lat' dir='ltr'>vis</span> 
     </span>
     <span class='ocr_line' id='line_1_13' title="bbox 439 1389 2246 1466; baseline -0.002 -15"><span class='ocrx_word' id='word_1_92' title='bbox 439 1394 759 1451; x_wconf 80' lang='lat' dir='ltr'>verborum</span> <span class='ocrx_word' id='word_1_93' title='bbox 792 1395 1064 1460; x_wconf 74' lang='lat' dir='ltr'>istorum,</span> <span class='ocrx_word' id='word_1_94' title='bbox 1095 1396 1340 1461; x_wconf 79' lang='grc' dir='ltr'>μανικοῦ,</span> <span class='ocrx_word' id='word_1_95' title='bbox 1371 1389 1714 1457; x_wconf 79' lang='grc' dir='ltr'>ἐκστατικοὶ,</span> <span class='ocrx_word' id='word_1_96' title='bbox 1747 1409 1929 1466; x_wconf 83' lang='lat' dir='ltr'>quam</span> <span class='ocrx_word' id='word_1_97' title='bbox 1964 1397 2035 1447; x_wconf 74' lang='lat' dir='ltr'>ut</span> <span class='ocrx_word' id='word_1_98' title='bbox 2064 1390 2246 1448; x_wconf 78' lang='lat' dir='ltr'>alt-ius</span> 
     </span>
     <span class='ocr_line' id='line_1_14' title="bbox 438 1489 2246 1568; baseline -0.001 -20"><span class='ocrx_word' id='word_1_99' title='bbox 438 1493 726 1550; x_wconf 88' lang='lat' dir='ltr'>insedisse</span> <span class='ocrx_word' id='word_1_100' title='bbox 760 1492 962 1550; x_wconf 89' lang='lat' dir='ltr'>animo</span> <span class='ocrx_word' id='word_1_101' title='bbox 996 1491 1368 1568; x_wconf 83' lang='lat' dir='ltr'>significetur</span> <span class='ocrx_word' id='word_1_102' title='bbox 1398 1491 1693 1567; x_wconf 84' lang='lat' dir='ltr'>imagines</span> <span class='ocrx_word' id='word_1_103' title='bbox 1724 1489 2014 1565; x_wconf 90' lang='lat' dir='ltr'>quasdam</span> <span class='ocrx_word' id='word_1_104' title='bbox 2043 1508 2246 1547; x_wconf 89' lang='lat' dir='ltr'>rerum</span> 
     </span>
     <span class='ocr_line' id='line_1_15' title="bbox 442 1587 2247 1668; baseline -0.001 -20"><span class='ocrx_word' id='word_1_105' title='bbox 442 1590 928 1668; x_wconf 89' lang='lat' dir='ltr'>longinquarum,</span> <span class='ocrx_word' id='word_1_106' title='bbox 967 1609 1186 1666; x_wconf 89' lang='lat' dir='ltr'>easque</span> <span class='ocrx_word' id='word_1_107' title='bbox 1228 1597 1334 1647; x_wconf 89' lang='lat' dir='ltr'>aut</span> <span class='ocrx_word' id='word_1_108' title='bbox 1375 1587 1772 1665; x_wconf 89' lang='lat' dir='ltr'>contemplari</span> <span class='ocrx_word' id='word_1_109' title='bbox 1804 1587 2098 1657; x_wconf 87' lang='lat' dir='ltr'>homines,</span> <span class='ocrx_word' id='word_1_110' title='bbox 2141 1594 2247 1646; x_wconf 92' lang='lat' dir='ltr'>aut</span> 
     </span>
     <span class='ocr_line' id='line_1_16' title="bbox 439 1686 2246 1766; baseline -0.001 -19"><span class='ocrx_word' id='word_1_111' title='bbox 439 1709 602 1766; x_wconf 89' lang='lat' dir='ltr'>aegro</span> <span class='ocrx_word' id='word_1_112' title='bbox 633 1696 923 1765; x_wconf 79' lang='lat' dir='ltr'>tanquam</span> <span class='ocrx_word' id='word_1_113' title='bbox 966 1707 1169 1745; x_wconf 89' lang='lat' dir='ltr'>amore</span> <span class='ocrx_word' id='word_1_114' title='bbox 1207 1687 1504 1764; x_wconf 84' lang='lat' dir='ltr'>prosequi,</span> <span class='ocrx_word' id='word_1_115' title='bbox 1537 1686 1759 1744; x_wconf 86' lang='lat' dir='ltr'>oblitos</span> <span class='ocrx_word' id='word_1_116' title='bbox 1799 1686 1978 1762; x_wconf 88' lang='lat' dir='ltr'>plane</span> <span class='ocrx_word' id='word_1_117' title='bbox 2016 1706 2246 1756; x_wconf 88' lang='lat' dir='ltr'>eorum,</span> 
     </span>
     <span class='ocr_line' id='line_1_17' title="bbox 439 1786 2248 1867; baseline -0.002 -19"><span class='ocrx_word' id='word_1_118' title='bbox 439 1810 576 1866; x_wconf 88' lang='lat' dir='ltr'>quae</span> <span class='ocrx_word' id='word_1_119' title='bbox 631 1797 846 1865; x_wconf 81' lang='lat' dir='ltr'>praesto</span> <span class='ocrx_word' id='word_1_120' title='bbox 899 1787 1081 1846; x_wconf 72' lang='lat' dir='ltr'>sunt?</span> <span class='ocrx_word' id='word_1_121' title='bbox 1172 1787 1288 1845; x_wconf 90' lang='lat' dir='ltr'>Illa</span> <span class='ocrx_word' id='word_1_122' title='bbox 1342 1794 1546 1844; x_wconf 87' lang='lat' dir='ltr'>autem</span> <span class='ocrx_word' id='word_1_123' title='bbox 1596 1786 1787 1844; x_wconf 89' lang='lat' dir='ltr'>altera</span> <span class='ocrx_word' id='word_1_124' title='bbox 1837 1805 1955 1843; x_wconf 85' lang='lat' dir='ltr'>vox</span> <span class='ocrx_word' id='word_1_125' title='bbox 2008 1787 2248 1867; x_wconf 76' lang='grc' dir='ltr'><em>εὐφυΐας,</em></span> 
     </span>
     <span class='ocr_line' id='line_1_18' title="bbox 439 1884 2248 1965; baseline 0 -20"><span class='ocrx_word' id='word_1_126' title='bbox 439 1908 621 1965; x_wconf 90' lang='lat' dir='ltr'>quam</span> <span class='ocrx_word' id='word_1_127' title='bbox 653 1895 794 1964; x_wconf 88' lang='lat' dir='ltr'>apte</span> <span class='ocrx_word' id='word_1_128' title='bbox 825 1893 1000 1945; x_wconf 89' lang='lat' dir='ltr'>notet</span> <span class='ocrx_word' id='word_1_129' title='bbox 1031 1885 1409 1943; x_wconf 82' lang='lat' dir='ltr'>imitatorum</span> <span class='ocrx_word' id='word_1_130' title='bbox 1440 1904 1651 1962; x_wconf 80' lang='lat' dir='ltr'>genUS,</span> <span class='ocrx_word' id='word_1_131' title='bbox 1682 1885 1802 1942; x_wconf 93' lang='lat' dir='ltr'>huc</span> <span class='ocrx_word' id='word_1_132' title='bbox 1833 1884 1978 1942; x_wconf 90' lang='lat' dir='ltr'>illuc</span> <span class='ocrx_word' id='word_1_133' title='bbox 2022 1885 2248 1945; x_wconf 88' lang='lat' dir='ltr'>celeres</span> 
     </span>
     <span class='ocr_line' id='line_1_19' title="bbox 438 1982 2247 2061; baseline -0.001 -17"><span class='ocrx_word' id='word_1_134' title='bbox 438 1987 669 2045; x_wconf 89' lang='lat' dir='ltr'>animos</span> <span class='ocrx_word' id='word_1_135' title='bbox 727 1985 1146 2052; x_wconf 86' lang='lat' dir='ltr'>dividentium,</span> <span class='ocrx_word' id='word_1_136' title='bbox 1200 1984 1444 2061; x_wconf 90' lang='lat' dir='ltr'>ingenio</span> <span class='ocrx_word' id='word_1_137' title='bbox 1501 1982 1749 2050; x_wconf 90' lang='lat' dir='ltr'>scilicet,</span> <span class='ocrx_word' id='word_1_138' title='bbox 1803 2002 1926 2040; x_wconf 89' lang='lat' dir='ltr'>non</span> <span class='ocrx_word' id='word_1_139' title='bbox 1986 1982 2247 2055; x_wconf 83' lang='lat' dir='ltr'>affectu3</span> 
     </span>
     <span class='ocr_line' id='line_1_20' title="bbox 438 2082 1668 2159; baseline -0.001 -20"><span class='ocrx_word' id='word_1_140' title='bbox 438 2084 541 2140; x_wconf 86' lang='lat' dir='ltr'>vix</span> <span class='ocrx_word' id='word_1_141' title='bbox 573 2083 688 2139; x_wconf 85' lang='lat' dir='ltr'>erit</span> <span class='ocrx_word' id='word_1_142' title='bbox 720 2102 887 2159; x_wconf 84' lang='lat' dir='ltr'>opus,</span> <span class='ocrx_word' id='word_1_143' title='bbox 921 2083 1118 2149; x_wconf 86' lang='lat' dir='ltr'>credo,</span> <span class='ocrx_word' id='word_1_144' title='bbox 1152 2102 1259 2139; x_wconf 91' lang='lat' dir='ltr'>cur</span> <span class='ocrx_word' id='word_1_145' title='bbox 1289 2082 1668 2139; x_wconf 90' lang='lat' dir='ltr'>admoneam.</span> 
     </span>
    </p>

    <p class='ocr_par' dir='ltr' id='par_1_4' title="bbox 438 2179 2249 3438">
     <span class='ocr_line' id='line_1_21' title="bbox 527 2179 2248 2262; baseline 0.001 -25"><span class='ocrx_word' id='word_1_146' title='bbox 527 2181 707 2250; x_wconf 84' lang='lat' dir='ltr'>Quid,</span> <span class='ocrx_word' id='word_1_147' title='bbox 741 2182 904 2257; x_wconf 91' lang='lat' dir='ltr'>quod</span> <span class='ocrx_word' id='word_1_148' title='bbox 944 2180 1186 2237; x_wconf 91' lang='lat' dir='ltr'>illorum</span> <span class='ocrx_word' id='word_1_149' title='bbox 1219 2181 1421 2248; x_wconf 90' lang='lat' dir='ltr'>etiam,</span> <span class='ocrx_word' id='word_1_150' title='bbox 1456 2181 1558 2256; x_wconf 89' lang='lat' dir='ltr'>qui</span> <span class='ocrx_word' id='word_1_151' title='bbox 1591 2181 1955 2240; x_wconf 89' lang='lat' dir='ltr'>carminibus</span> <span class='ocrx_word' id='word_1_152' title='bbox 1991 2179 2248 2262; x_wconf 69' lang='lat' dir='ltr'>leyendis</span> 
     </span>
     <span class='ocr_line' id='line_1_22' title="bbox 439 2270 2249 2356; baseline 0.001 -19"><span class='ocrx_word' id='word_1_153' title='bbox 439 2280 586 2337; x_wconf 86' lang='lat' dir='ltr'>dant</span> <span class='ocrx_word' id='word_1_154' title='bbox 628 2299 890 2356; x_wconf 88' lang='lat' dir='ltr'>operam,</span> <span class='ocrx_word' id='word_1_155' title='bbox 931 2279 1185 2337; x_wconf 86' lang='lat' dir='ltr'>eandem</span> <span class='ocrx_word' id='word_1_156' title='bbox 1224 2279 1415 2336; x_wconf 86' lang='lat' dir='ltr'>ferme</span> <span class='ocrx_word' id='word_1_157' title='bbox 1459 2280 1849 2356; x_wconf 86' lang='lat' dir='ltr'>partitionem</span> <span class='ocrx_word' id='word_1_158' title='bbox 1881 2270 2043 2338; x_wconf 36' lang='lat' dir='ltr'>&#39;facit</span> <span class='ocrx_word' id='word_1_159' title='bbox 2085 2301 2249 2339; x_wconf 91' lang='lat' dir='ltr'>com—</span> 
     </span>
     <span class='ocr_line' id='line_1_23' title="bbox 438 2377 2245 2454; baseline 0.002 -21"><span class='ocrx_word' id='word_1_160' title='bbox 438 2377 638 2434; x_wconf 89' lang='lat' dir='ltr'>munis</span> <span class='ocrx_word' id='word_1_161' title='bbox 683 2377 1000 2434; x_wconf 89' lang='lat' dir='ltr'>hominum</span> <span class='ocrx_word' id='word_1_162' title='bbox 1044 2396 1163 2434; x_wconf 89' lang='lat' dir='ltr'>vox</span> <span class='ocrx_word' id='word_1_163' title='bbox 1211 2384 1274 2434; x_wconf 91' lang='lat' dir='ltr'>et</span> <span class='ocrx_word' id='word_1_164' title='bbox 1321 2377 1563 2454; x_wconf 72' lang='lat' dir='ltr'>opinio?</span> <span class='ocrx_word' id='word_1_165' title='bbox 1655 2377 1829 2436; x_wconf 83' lang='lat' dir='ltr'>Sicut</span> <span class='ocrx_word' id='word_1_166' title='bbox 1876 2380 2056 2447; x_wconf 91' lang='lat' dir='ltr'>enim,</span> <span class='ocrx_word' id='word_1_167' title='bbox 2104 2399 2245 2437; x_wconf 90' lang='lat' dir='ltr'>cum</span> 
     </span>
     <span class='ocr_line' id='line_1_24' title="bbox 439 2475 2248 2546; baseline 0.001 -14"><span class='ocrx_word' id='word_1_168' title='bbox 439 2475 659 2532; x_wconf 90' lang='lat' dir='ltr'>fidibus</span> <span class='ocrx_word' id='word_1_169' title='bbox 691 2481 989 2545; x_wconf 83' lang='lat' dir='ltr'>cantatur,</span> <span class='ocrx_word' id='word_1_170' title='bbox 1017 2475 1117 2533; x_wconf 92' lang='lat' dir='ltr'>alii</span> <span class='ocrx_word' id='word_1_171' title='bbox 1150 2496 1290 2533; x_wconf 91' lang='lat' dir='ltr'>cum</span> <span class='ocrx_word' id='word_1_172' title='bbox 1322 2495 1526 2534; x_wconf 86' lang='lat' dir='ltr'>amore</span> <span class='ocrx_word' id='word_1_173' title='bbox 1557 2483 1621 2535; x_wconf 92' lang='lat' dir='ltr'>et</span> <span class='ocrx_word' id='word_1_174' title='bbox 1652 2477 1853 2534; x_wconf 91' lang='lat' dir='ltr'>studio</span> <span class='ocrx_word' id='word_1_175' title='bbox 1884 2476 2248 2546; x_wconf 87' lang='lat' dir='ltr'>auscultare,</span> 
     </span>
     <span class='ocr_line' id='line_1_25' title="bbox 439 2570 2247 2650; baseline 0.001 -22"><span class='ocrx_word' id='word_1_176' title='bbox 439 2570 539 2628; x_wconf 92' lang='lat' dir='ltr'>alii</span> <span class='ocrx_word' id='word_1_177' title='bbox 572 2591 649 2629; x_wconf 87' lang='lat' dir='ltr'>ex</span> <span class='ocrx_word' id='word_1_178' title='bbox 681 2574 1025 2650; x_wconf 82' lang='lat' dir='ltr'>praescripto</span> <span class='ocrx_word' id='word_1_179' title='bbox 1058 2574 1334 2650; x_wconf 89' lang='lat' dir='ltr'>judicare</span> <span class='ocrx_word' id='word_1_180' title='bbox 1375 2574 1589 2643; x_wconf 89' lang='lat' dir='ltr'>solent,</span> <span class='ocrx_word' id='word_1_181' title='bbox 1621 2581 1685 2632; x_wconf 92' lang='lat' dir='ltr'>et</span> <span class='ocrx_word' id='word_1_182' title='bbox 1723 2573 2045 2632; x_wconf 90' lang='lat' dir='ltr'>formulam</span> <span class='ocrx_word' id='word_1_183' title='bbox 2077 2574 2247 2649; x_wconf 88' lang='lat' dir='ltr'>quasi</span> 
     </span>
     <span class='ocr_line' id='line_1_26' title="bbox 438 2670 2248 2749; baseline 0.001 -21"><span class='ocrx_word' id='word_1_184' title='bbox 438 2670 792 2747; x_wconf 87' lang='lat' dir='ltr'>popularem</span> <span class='ocrx_word' id='word_1_185' title='bbox 824 2673 1027 2748; x_wconf 86' lang='lat' dir='ltr'>sequi:</span> <span class='ocrx_word' id='word_1_186' title='bbox 1074 2673 1161 2730; x_wconf 91' lang='lat' dir='ltr'>ita</span> <span class='ocrx_word' id='word_1_187' title='bbox 1194 2680 1335 2730; x_wconf 90' lang='lat' dir='ltr'>sunt</span> <span class='ocrx_word' id='word_1_188' title='bbox 1365 2674 1468 2749; x_wconf 93' lang='lat' dir='ltr'>qui</span> <span class='ocrx_word' id='word_1_189' title='bbox 1507 2693 1614 2730; x_wconf 88' lang='lat' dir='ltr'>sua</span> <span class='ocrx_word' id='word_1_190' title='bbox 1656 2679 1871 2749; x_wconf 87' lang='lat' dir='ltr'>sponte</span> <span class='ocrx_word' id='word_1_191' title='bbox 1903 2672 2248 2733; x_wconf 89' lang='lat' dir='ltr'>dulcissima</span> 
     </span>
     <span class='ocr_line' id='line_1_27' title="bbox 441 2768 2249 2848; baseline 0.001 -23"><span class='ocrx_word' id='word_1_192' title='bbox 441 2787 693 2844; x_wconf 84' lang='lat' dir='ltr'>quaeque</span> <span class='ocrx_word' id='word_1_193' title='bbox 744 2780 1029 2845; x_wconf 89' lang='lat' dir='ltr'>poemata</span> <span class='ocrx_word' id='word_1_194' title='bbox 1077 2772 1381 2848; x_wconf 87' lang='lat' dir='ltr'>arripiant,</span> <span class='ocrx_word' id='word_1_195' title='bbox 1436 2772 1538 2847; x_wconf 91' lang='lat' dir='ltr'>qui</span> <span class='ocrx_word' id='word_1_196' title='bbox 1592 2771 1762 2828; x_wconf 87' lang='lat' dir='ltr'>velut</span> <span class='ocrx_word' id='word_1_197' title='bbox 1813 2771 2062 2827; x_wconf 88' lang='lat' dir='ltr'>invento</span> <span class='ocrx_word' id='word_1_198' title='bbox 2115 2768 2249 2826; x_wconf 87' lang='lat' dir='ltr'>the-</span> 
     </span>
     <span class='ocr_line' id='line_1_28' title="bbox 441 2868 2248 2945; baseline 0 -21"><span class='ocrx_word' id='word_1_199' title='bbox 441 2885 616 2924; x_wconf 87' lang='lat' dir='ltr'>sauro</span> <span class='ocrx_word' id='word_1_200' title='bbox 656 2868 937 2943; x_wconf 84' lang='lat' dir='ltr'>gestiant,</span> <span class='ocrx_word' id='word_1_201' title='bbox 971 2870 1072 2944; x_wconf 92' lang='lat' dir='ltr'>qui</span> <span class='ocrx_word' id='word_1_202' title='bbox 1115 2889 1178 2927; x_wconf 84' lang='lat' dir='ltr'>se</span> <span class='ocrx_word' id='word_1_203' title='bbox 1219 2890 1379 2927; x_wconf 93' lang='lat' dir='ltr'>nunc</span> <span class='ocrx_word' id='word_1_204' title='bbox 1413 2870 1661 2927; x_wconf 91' lang='lat' dir='ltr'>demum</span> <span class='ocrx_word' id='word_1_205' title='bbox 1702 2869 1982 2926; x_wconf 86' lang='lat' dir='ltr'>incidisse</span> <span class='ocrx_word' id='word_1_206' title='bbox 2026 2874 2248 2945; x_wconf 90' lang='lat' dir='ltr'>putent</span> 
     </span>
     <span class='ocr_line' id='line_1_29' title="bbox 441 2965 2247 3042; baseline 0.002 -22"><span class='ocrx_word' id='word_1_207' title='bbox 441 2965 503 3021; x_wconf 91' lang='lat' dir='ltr'>in</span> <span class='ocrx_word' id='word_1_208' title='bbox 537 2965 781 3021; x_wconf 88' lang='lat' dir='ltr'>unicum</span> <span class='ocrx_word' id='word_1_209' title='bbox 818 2965 970 3023; x_wconf 89' lang='lat' dir='ltr'>illud</span> <span class='ocrx_word' id='word_1_210' title='bbox 1012 2967 1196 3024; x_wconf 87' lang='lat' dir='ltr'>animi</span> <span class='ocrx_word' id='word_1_211' title='bbox 1237 2967 1533 3036; x_wconf 88' lang='lat' dir='ltr'>levamen,</span> <span class='ocrx_word' id='word_1_212' title='bbox 1565 2967 1904 3042; x_wconf 88' lang='lat' dir='ltr'>laborisque</span> <span class='ocrx_word' id='word_1_213' title='bbox 1936 2967 2028 3024; x_wconf 91' lang='lat' dir='ltr'>sui</span> <span class='ocrx_word' id='word_1_214' title='bbox 2062 2965 2247 3024; x_wconf 85' lang='lat' dir='ltr'>fatale</span> 
     </span>
     <span class='ocr_line' id='line_1_30' title="bbox 441 3062 2247 3142; baseline 0.001 -23"><span class='ocrx_word' id='word_1_215' title='bbox 441 3062 811 3120; x_wconf 88' lang='lat' dir='ltr'>remedium:</span> <span class='ocrx_word' id='word_1_216' title='bbox 860 3072 1001 3122; x_wconf 89' lang='lat' dir='ltr'>sunt</span> <span class='ocrx_word' id='word_1_217' title='bbox 1033 3066 1236 3134; x_wconf 89' lang='lat' dir='ltr'>etiam,</span> <span class='ocrx_word' id='word_1_218' title='bbox 1268 3066 1432 3142; x_wconf 92' lang='lat' dir='ltr'>iique</span> <span class='ocrx_word' id='word_1_219' title='bbox 1464 3085 1674 3123; x_wconf 89' lang='lat' dir='ltr'>vereor</span> <span class='ocrx_word' id='word_1_220' title='bbox 1703 3084 1781 3122; x_wconf 90' lang='lat' dir='ltr'>ne</span> <span class='ocrx_word' id='word_1_221' title='bbox 1811 3065 2082 3123; x_wconf 87' lang='lat' dir='ltr'>maxima</span> <span class='ocrx_word' id='word_1_222' title='bbox 2110 3082 2247 3141; x_wconf 91' lang='lat' dir='ltr'>pars</span> 
     </span>
     <span class='ocr_line' id='line_1_31' title="bbox 441 3160 2245 3239; baseline 0.001 -23"><span class='ocrx_word' id='word_1_223' title='bbox 441 3160 755 3217; x_wconf 91' lang='lat' dir='ltr'>hominum</span> <span class='ocrx_word' id='word_1_224' title='bbox 798 3163 1077 3231; x_wconf 83' lang='lat' dir='ltr'>evadant,</span> <span class='ocrx_word' id='word_1_225' title='bbox 1123 3165 1340 3239; x_wconf 90' lang='lat' dir='ltr'>quibus</span> <span class='ocrx_word' id='word_1_226' title='bbox 1385 3165 1472 3221; x_wconf 88' lang='lat' dir='ltr'>ita</span> <span class='ocrx_word' id='word_1_227' title='bbox 1518 3183 1730 3222; x_wconf 87' lang='lat' dir='ltr'>suaves</span> <span class='ocrx_word' id='word_1_228' title='bbox 1779 3163 1899 3220; x_wconf 86' lang='lat' dir='ltr'>sint</span> <span class='ocrx_word' id='word_1_229' title='bbox 1949 3161 2245 3230; x_wconf 86' lang='lat' dir='ltr'>versiculi,</span> 
     </span>
     <span class='ocr_line' id='line_1_32' title="bbox 442 3259 2246 3320; baseline 0.002 -6"><span class='ocrx_word' id='word_1_230' title='bbox 442 3267 511 3315; x_wconf 88' lang='lat' dir='ltr'>ut</span> <span class='ocrx_word' id='word_1_231' title='bbox 557 3259 732 3316; x_wconf 88' lang='lat' dir='ltr'>facile</span> <span class='ocrx_word' id='word_1_232' title='bbox 783 3267 990 3319; x_wconf 86' lang='lat' dir='ltr'>tamen</span> <span class='ocrx_word' id='word_1_233' title='bbox 1032 3262 1207 3320; x_wconf 90' lang='grc' dir='ltr'>Ρο681</span> <span class='ocrx_word' id='word_1_234' title='bbox 1261 3270 1523 3320; x_wconf 85' lang='lat' dir='ltr'>careant.</span> <span class='ocrx_word' id='word_1_235' title='bbox 1613 3261 1755 3319; x_wconf 86' lang='lat' dir='ltr'>Jam</span> <span class='ocrx_word' id='word_1_236' title='bbox 1799 3260 1914 3318; x_wconf 91' lang='lat' dir='ltr'>hoc</span> <span class='ocrx_word' id='word_1_237' title='bbox 1968 3259 2246 3319; x_wconf 70' lang='lat' dir='ltr'>lectorum</span> 
     </span>
     <span class='ocr_line' id='line_1_33' title="bbox 442 3357 2249 3438; baseline 0.002 -25"><span class='ocrx_word' id='word_1_238' title='bbox 442 3357 762 3415; x_wconf 86' lang='lat' dir='ltr'>discrimen</span> <span class='ocrx_word' id='word_1_239' title='bbox 805 3379 880 3416; x_wconf 87' lang='lat' dir='ltr'>ex</span> <span class='ocrx_word' id='word_1_240' title='bbox 924 3360 1115 3419; x_wconf 85' lang='lat' dir='ltr'>altera</span> <span class='ocrx_word' id='word_1_241' title='bbox 1151 3369 1321 3438; x_wconf 86' lang='lat' dir='ltr'>parte</span> <span class='ocrx_word' id='word_1_242' title='bbox 1363 3362 1725 3438; x_wconf 85' lang='lat' dir='ltr'>respondere</span> <span class='ocrx_word' id='word_1_243' title='bbox 1763 3359 1867 3429; x_wconf 90' lang='lat' dir='ltr'>illi,</span> <span class='ocrx_word' id='word_1_244' title='bbox 1900 3379 2020 3436; x_wconf 93' lang='lat' dir='ltr'>quo</span> <span class='ocrx_word' id='word_1_245' title='bbox 2061 3358 2249 3437; x_wconf 76' lang='lat' dir='ltr'>scrip-</span> 
     </span>
    </p>
   </div>
   <div class='ocr_carea' id='block_1_3' title="bbox 1169 3578 1512 3637">
    <p class='ocr_par' dir='ltr' id='par_1_5' title="bbox 1169 3578 1512 3637">
     <span class='ocr_line' id='line_1_34' title="bbox 1169 3578 1512 3637; baseline 0.003 -15"><span class='ocrx_word' id='word_1_246' title='bbox 1169 3586 1190 3609; x_wconf 82' lang='lat' dir='ltr'>e</span> <span class='ocrx_word' id='word_1_247' title='bbox 1224 3578 1349 3624; x_wconf 86' lang='lat' dir='ltr'>Poet.</span> <span class='ocrx_word' id='word_1_248' title='bbox 1374 3594 1415 3623; x_wconf 88' lang='lat' dir='ltr'>c.</span> <span class='ocrx_word' id='word_1_249' title='bbox 1439 3593 1512 3637; x_wconf 84' lang='lat'>30.</span> 
     </span>
    </p>
   </div>
  </div>
 </body>
</html>
