2320 4126
291 215 401 269 268
480 209 860 288 Expenduntur
886 217 1176 271 Herodotea
1203 217 1265 269 de
1292 216 1511 269 Homeri
1537 222 1705 267 oetate.
1771 268 1777 273 ,
1799 234 1958 269 PRAEL.
1981 235 2094 268 xvi.

292 359 594 429 Isocratis,
631 361 1124 438 gravissimorum
1168 379 1310 418 sane
1356 369 1713 417 auctorum:
1762 379 1840 417 ex
1877 361 2095 436 quibus

293 458 610 528 IsocrateS,
663 478 790 517 aevo
839 460 970 535 jam
1031 459 1331 536 grandior,
1386 453 1627 524 tradith,
1681 459 1852 516 annis
1906 459 2096 516 ferme

292 558 709 635 septingentis,
763 578 872 615 suo
926 565 1219 633 tempore,
1273 555 1761 632 Peloponnesum
1822 577 1858 614 a
1918 556 2096 634 Spar-

291 663 573 714 tanorum
611 657 938 732 majoribus
970 655 1105 713 coli.
1197 655 1549 713 Herodotus
1586 663 1812 724 autem,
1847 676 1986 713 cum
2019 658 2097 714 sit

294 755 562 813 Isocrate
595 752 845 812 dimidio
877 755 1002 812 fere
1034 754 1252 812 saeculo
1285 754 1464 830 prior,
1489 750 1597 811 ait³
1627 754 2098 832 quadringentos

293 855 475 911 modo
506 872 694 911 annos
734 853 1079 911 interfuisse
1123 854 1284 910 inter
1319 872 1382 910 se
1421 860 1484 909 et
1525 860 1802 928 tempora
1842 852 2097 911 Homeri

294 959 478 1027 atque
525 950 799 1010 Hesiodi.
895 951 989 1008 Ex
1030 951 1124 1008 his
1166 950 1442 1019 efficitur,
1477 950 1801 1008 Dorienses
1833 952 2099 1010 tenuisse

297 1051 802 1127 Peloponnesum,
859 1058 1145 1109 nascente
1200 1049 1536 1118 HerodotO,
1591 1051 1857 1126 quinque
1910 1050 2100 1109 ferme

296 1149 526 1208 saeculis
572 1150 822 1207 dimidio
871 1150 1103 1218 auctis3
1151 1149 1372 1207 distare
1414 1157 1620 1207 autem
1654 1148 1995 1207 Homerum
2039 1159 2101 1207 et

298 1249 640 1306 Hesiodum
683 1269 719 1306 a
760 1250 957 1306 reditu
1006 1247 1474 1306 Heraclidarum
1519 1248 1691 1306 annis
1737 1256 1985 1306 centum
2039 1258 2101 1305 et

296 1349 752 1426 quinquaginta,
784 1368 819 1405 a
847 1347 1026 1424 Troja
1056 1348 1317 1414 obsessa,
1352 1348 1632 1405 ducentis
1663 1355 1726 1405 et
1758 1348 2028 1425 triginta.

382 1445 480 1503 Ac
513 1465 723 1503 vereor
767 1446 1066 1522 equidem,
1107 1466 1183 1503 an
1231 1445 1584 1504 Herodotus
1630 1446 1691 1502 in
1731 1445 2104 1522 temporibus

299 1544 463 1602 hisce
510 1545 846 1602 statuendis
898 1564 1018 1601 non
1081 1545 1342 1620 optimos
1396 1550 1673 1602 auctores
1726 1543 2103 1602 adhibuerit:

302 1643 489 1700 nolim
543 1651 750 1701 tamen
804 1644 933 1720 ejus
983 1644 1403 1701 testimonium
1455 1643 1710 1712 elevare,
1760 1664 1900 1701 cum
1953 1663 2108 1720 prae-

302 1742 512 1799 sertim
559 1742 619 1799 id
667 1762 786 1800 non
828 1742 986 1800 male
1032 1743 1354 1800 conveniat
1400 1763 1540 1800 cum
1572 1742 1818 1801 calculis
1853 1744 1930 1801 ab
1964 1743 2110 1801 Era-

303 1840 586 1898 tosthene
628 1840 981 1910 subductis;
1030 1841 1265 1917 quibuS,
1303 1848 1374 1899 ut
1419 1841 1576 1899 bene
1615 1849 1837 1899 norunt
1882 1862 2108 1911 omnes,

303 1940 587 1996 innititur
631 1949 877 2017 recepta
907 1939 1259 1999 Graecorum
1301 1940 1611 1999 annalium
1653 1943 1854 2000 861168.
1946 1941 2109 1999 Ι1111(1

303 2057 558 2106 11101160;
605 2058 728 2096 11011
760 2039 1013 2097 obscure
1046 2039 1142 2097 vel
1173 2039 1289 2097 hoc
1325 2041 1456 2116 ipso
1491 2040 1555 2098 in
1595 2040 1729 2098 1060
1771 2060 1912 2099 611111
1958 2040 2111 2098 indi-

306 2156 490 2206 casse,
522 2136 798 2195 homines
829 2139 1014 2196 etiam
1047 2146 1195 2197 tunc
1226 2140 1517 2215 temporis
1540 2141 1803 2198 incertos
1827 2139 2011 2197 fuisse
2035 2138 2111 2195 de

307 2242 493 2293 aetate
545 2236 766 2293 summi
820 2234 1043 2293 Poetae.
1134 2235 1234 2292 Ita
1287 2236 1449 2293 enim
1498 2235 1634 2294 ille:
1694 2232 1978 2292 Ἡσίοδον
2023 2233 2110 2290 καὶ

292 2327 558 2412 ἸΟμηρον
591 2331 798 2399 ἡλικίην
821 2330 1248 2412 τετρακοσίοισι
1280 2331 1433 2389 ἔτεσι
1467 2329 1632 2389 δοκέω
1662 2357 1761 2399 μευ
1791 2331 2110 2411 πρεσβυτέ-

307 2456 433 2511 ρους
465 2429 747 2506 γενὲσθαι,
779 2431 868 2487 καὶ
907 2431 969 2488 οὐ
1007 2430 1236 2487 πλέοσι.
1329 2430 1596 2489 Omnino
1641 2429 1945 2507 intelligas
1993 2449 2113 2486 non

310 2529 591 2588 omnibus
622 2531 786 2588 idem
812 2531 1039 2589 videri:
1086 2550 1205 2607 quo
1238 2530 1473 2588 facilior
1502 2530 1675 2589 nobis
1707 2530 1785 2588 sit
1828 2530 2020 2596 venia,
2052 2529 2114 2585 in

309 2628 563 2687 alteram
595 2636 849 2707 partem,
883 2631 930 2688 si
962 2649 1056 2688 res
1085 2631 1173 2688 ita
1203 2629 1433 2697 tulerit,
1467 2629 1934 2688 discedentibus.
2017 2627 2114 2685 Eo

310 2735 518 2786 autem
557 2736 735 2787 tenus
776 2729 853 2787 ab
894 2729 1213 2787 Herodoto
1252 2729 1686 2787 discedendum
1733 2728 2006 2795 arbitror,
2046 2735 2116 2784 ut

312 2826 424 2884 sub
456 2826 600 2903 ipsis
630 2829 834 2904 potius
867 2827 1218 2886 Heraclidis
1251 2827 1593 2885 Homerum
1625 2827 1884 2905 'viguisse
1915 2826 2121 2883 existi-

313 2944 494 2992 mem,
549 2946 668 3002 quo
722 2933 997 3003 tempore
1058 2926 1309 2985 coloniae
1370 2927 1590 3004 passim
1642 2925 2117 2994 deducebantur,

315 3024 420 3081 ubi
455 3024 587 3100 jam
632 3024 794 3082 facta
830 3025 1029 3083 fuerat
1073 3025 1456 3093 ἑκατόμπολις
1497 3025 1697 3083 Creta.
1790 3024 2118 3091 Videlicet,

316 3123 713 3181 aestuantibus
783 3124 1115 3181 etiamnum
1190 3125 1426 3193 animis,
1498 3123 1775 3201 intelligo
1846 3122 2122 3180 Heracli-

318 3222 529 3280 darum
582 3221 959 3280 mentionem
1006 3222 1275 3298 potuisse
1321 3222 1541 3280 omitti.
1634 3222 1868 3279 Caetera
1921 3222 2122 3279 omnia

318 3321 461 3377 satis
492 3320 648 3378 bene
681 3321 998 3397 quadrant.

405 3417 507 3475 Ad
540 3439 859 3488 summam,
891 3428 961 3477 ut
1003 3420 1062 3477 id
1100 3420 1260 3495 quod
1293 3438 1386 3477 res
1419 3426 1511 3477 est
1543 3419 1756 3487 dicam,
1789 3438 1908 3475 non
1942 3417 2058 3474 erit
2088 3437 2124 3474 a

321 3642 337 3667 ὴ
373 3643 691 3687 ΡαηαίΙιεηαίο.
716 3658 754 3687 c.
780 3658 853 3701 32.
878 3644 934 3688 cf.
961 3643 1163 3696 Clinton,
1189 3644 1310 3687 Fast.
1337 3643 1508 3686 Hellen.
1529 3641 1705 3686 Introd.
1730 3658 1771 3686 v.
1936 3639 1944 3663 '¹
1976 3639 2020 3682 ii.
2045 3650 2118 3696 53.
