<?xml version="1.0" encoding="UTF-8"?>
<!DOCTYPE html PUBLIC "-//W3C//DTD XHTML 1.0 Transitional//EN"
    "http://www.w3.org/TR/xhtml1/DTD/xhtml1-transitional.dtd">
<html xmlns="http://www.w3.org/1999/xhtml" xml:lang="en" lang="en">
 <head>
  <title>
</title>
<meta http-equiv="Content-Type" content="text/html;charset=utf-8" />
  <meta name='ocr-system' content='tesseract 3.04.00' />
  <meta name='ocr-capabilities' content='ocr_page ocr_carea ocr_par ocr_line ocrx_word'/>
</head>
<body>
  <div class='ocr_page' id='page_1' title='image "./a588873901kebluoft_0070.png"; bbox 0 0 2320 4126; ppageno 0'>
   <div class='ocr_carea' id='block_1_1' title="bbox 407 212 2208 285">
    <p class='ocr_par' dir='ltr' id='par_1_1' title="bbox 407 212 2208 285">
     <span class='ocr_line' id='line_1_1' title="bbox 407 212 2208 285; baseline -0.002 -15"><span class='ocrx_word' id='word_1_1' title='bbox 407 215 480 270; x_wconf 88' lang='grc'>60</span> <span class='ocrx_word' id='word_1_2' title='bbox 695 215 976 268; x_wconf 73' lang='lat' dir='ltr'>Primarii</span> <span class='ocrx_word' id='word_1_3' title='bbox 1001 213 1261 285; x_wconf 47' lang='lat' dir='ltr'>myli-qum</span> <span class='ocrx_word' id='word_1_4' title='bbox 1285 213 1583 266; x_wconf 70' lang='lat' dir='ltr'>inveniendi</span> <span class='ocrx_word' id='word_1_5' title='bbox 1602 212 1828 284; x_wconf 70' lang='lat' dir='ltr'>qloriam</span> <span class='ocrx_word' id='word_1_6' title='bbox 1850 235 1866 264; x_wconf 90' lang='lat'>.·</span> <span class='ocrx_word' id='word_1_7' title='bbox 1969 231 2133 266; x_wconf 81' lang='lat' dir='ltr'><strong>PRAEL.</strong></span> <span class='ocrx_word' id='word_1_8' title='bbox 2155 231 2208 266; x_wconf 81' lang='grc' dir='ltr'>ν.</span> 
     </span>
    </p>
   </div>
   <div class='ocr_carea' id='block_1_2' title="bbox 390 351 2214 3710">
    <p class='ocr_par' dir='ltr' id='par_1_2' title="bbox 402 351 2214 1514">
     <span class='ocr_line' id='line_1_2' title="bbox 408 351 2210 422; baseline -0.003 -9"><span class='ocrx_word' id='word_1_9' title='bbox 408 363 549 413; x_wconf 89' lang='lat' dir='ltr'>sunt</span> <span class='ocrx_word' id='word_1_10' title='bbox 598 355 886 422; x_wconf 90' lang='lat' dir='ltr'>omnium,</span> <span class='ocrx_word' id='word_1_11' title='bbox 929 373 1050 411; x_wconf 89' lang='lat' dir='ltr'>non</span> <span class='ocrx_word' id='word_1_12' title='bbox 1099 352 1295 411; x_wconf 91' lang='lat' dir='ltr'>solum</span> <span class='ocrx_word' id='word_1_13' title='bbox 1340 352 1690 421; x_wconf 90' lang='lat' dir='ltr'>Poetarum,</span> <span class='ocrx_word' id='word_1_14' title='bbox 1737 352 1842 409; x_wconf 89' lang='lat' dir='ltr'>sed</span> <span class='ocrx_word' id='word_1_15' title='bbox 1896 351 2210 409; x_wconf 89' lang='lat' dir='ltr'>hominum</span> 
     </span>
     <span class='ocr_line' id='line_1_3' title="bbox 408 451 2212 531; baseline -0.002 -20"><span class='ocrx_word' id='word_1_16' title='bbox 408 473 681 531; x_wconf 90' lang='lat' dir='ltr'>quoque:</span> <span class='ocrx_word' id='word_1_17' title='bbox 747 453 953 530; x_wconf 91' lang='lat' dir='ltr'>quales</span> <span class='ocrx_word' id='word_1_18' title='bbox 1006 460 1147 511; x_wconf 90' lang='lat' dir='ltr'>sunt</span> <span class='ocrx_word' id='word_1_19' title='bbox 1208 453 1283 510; x_wconf 90' lang='lat' dir='ltr'>de</span> <span class='ocrx_word' id='word_1_20' title='bbox 1337 452 1473 511; x_wconf 88' lang='lat' dir='ltr'>coeli</span> <span class='ocrx_word' id='word_1_21' title='bbox 1526 452 1696 519; x_wconf 86' lang='lat' dir='ltr'>facie,</span> <span class='ocrx_word' id='word_1_22' title='bbox 1753 451 1828 509; x_wconf 90' lang='lat' dir='ltr'>de</span> <span class='ocrx_word' id='word_1_23' title='bbox 1879 452 2018 509; x_wconf 92' lang='lat' dir='ltr'>anni</span> <span class='ocrx_word' id='word_1_24' title='bbox 2074 465 2212 509; x_wconf 55' lang='lat' dir='ltr'>conss</span> 
     </span>
     <span class='ocr_line' id='line_1_4' title="bbox 407 551 2214 631; baseline 0.001 -23"><span class='ocrx_word' id='word_1_25' title='bbox 407 553 797 622; x_wconf 75' lang='lat' dir='ltr'><strong>versionibus,</strong></span> <span class='ocrx_word' id='word_1_26' title='bbox 848 554 923 610; x_wconf 91' lang='lat' dir='ltr'>de</span> <span class='ocrx_word' id='word_1_27' title='bbox 969 554 1115 610; x_wconf 84' lang='lat' dir='ltr'>vitae</span> <span class='ocrx_word' id='word_1_28' title='bbox 1167 552 1514 631; x_wconf 86' lang='lat' dir='ltr'>fragilitate.</span> <span class='ocrx_word' id='word_1_29' title='bbox 1625 551 1747 610; x_wconf 83' lang='lat' dir='ltr'>Sed</span> <span class='ocrx_word' id='word_1_30' title='bbox 1795 559 2003 610; x_wconf 86' lang='lat' dir='ltr'>tamen</span> <span class='ocrx_word' id='word_1_31' title='bbox 2051 571 2214 609; x_wconf 91' lang='lat' dir='ltr'>com-</span> 
     </span>
     <span class='ocr_line' id='line_1_5' title="bbox 404 651 2212 728; baseline -0.001 -20"><span class='ocrx_word' id='word_1_32' title='bbox 404 652 614 709; x_wconf 89' lang='lat' dir='ltr'>munia</span> <span class='ocrx_word' id='word_1_33' title='bbox 671 652 788 710; x_wconf 87' lang='lat' dir='ltr'>ista</span> <span class='ocrx_word' id='word_1_34' title='bbox 847 652 1085 728; x_wconf 80' lang='lat' dir='ltr'><strong>proprie</strong></span> <span class='ocrx_word' id='word_1_35' title='bbox 1140 651 1590 727; x_wconf 89' lang='lat' dir='ltr'>quodammodo</span> <span class='ocrx_word' id='word_1_36' title='bbox 1648 651 1875 727; x_wconf 90' lang='lat' dir='ltr'>poterit</span> <span class='ocrx_word' id='word_1_37' title='bbox 1935 657 2212 708; x_wconf 87' lang='lat' dir='ltr'>tractare.</span> 
     </span>
     <span class='ocr_line' id='line_1_6' title="bbox 406 749 2213 827; baseline 0 -20"><span class='ocrx_word' id='word_1_38' title='bbox 406 749 479 807; x_wconf 88' lang='lat' dir='ltr'>Id</span> <span class='ocrx_word' id='word_1_39' title='bbox 525 752 685 827; x_wconf 92' lang='lat' dir='ltr'>quod</span> <span class='ocrx_word' id='word_1_40' title='bbox 725 749 965 808; x_wconf 86' lang='lat' dir='ltr'>Natura</span> <span class='ocrx_word' id='word_1_41' title='bbox 1013 750 1144 827; x_wconf 90' lang='lat' dir='ltr'>ipsa</span> <span class='ocrx_word' id='word_1_42' title='bbox 1191 750 1335 808; x_wconf 91' lang='lat' dir='ltr'>satis</span> <span class='ocrx_word' id='word_1_43' title='bbox 1382 749 1634 819; x_wconf 78' lang='lat' dir='ltr'>curabit,</span> <span class='ocrx_word' id='word_1_44' title='bbox 1681 751 1865 808; x_wconf 89' lang='lat' dir='ltr'>modo</span> <span class='ocrx_word' id='word_1_45' title='bbox 1916 750 2096 827; x_wconf 88' lang='lat' dir='ltr'>plane</span> <span class='ocrx_word' id='word_1_46' title='bbox 2149 759 2213 807; x_wconf 92' lang='lat' dir='ltr'>et</span> 
     </span>
     <span class='ocr_line' id='line_1_7' title="bbox 404 849 2214 926; baseline 0.001 -20"><span class='ocrx_word' id='word_1_47' title='bbox 404 869 546 907; x_wconf 86' lang='lat' dir='ltr'>vere</span> <span class='ocrx_word' id='word_1_48' title='bbox 577 850 792 926; x_wconf 90' lang='lat' dir='ltr'>aliquis</span> <span class='ocrx_word' id='word_1_49' title='bbox 823 869 961 926; x_wconf 86' lang='lat' dir='ltr'>quae</span> <span class='ocrx_word' id='word_1_50' title='bbox 995 849 1114 907; x_wconf 87' lang='lat' dir='ltr'>sint</span> <span class='ocrx_word' id='word_1_51' title='bbox 1143 851 1310 907; x_wconf 89' lang='lat' dir='ltr'>intus</span> <span class='ocrx_word' id='word_1_52' title='bbox 1341 869 1699 926; x_wconf 79' lang='lat' dir='ltr'>expromere</span> <span class='ocrx_word' id='word_1_53' title='bbox 1729 849 1947 907; x_wconf 88' lang='lat' dir='ltr'>valeat.</span> <span class='ocrx_word' id='word_1_54' title='bbox 2040 849 2214 908; x_wconf 83' lang='lat' dir='ltr'>Sicut</span> 
     </span>
     <span class='ocr_line' id='line_1_8' title="bbox 404 948 2213 1026; baseline 0 -20"><span class='ocrx_word' id='word_1_55' title='bbox 404 949 564 1006; x_wconf 91' lang='lat' dir='ltr'>enim</span> <span class='ocrx_word' id='word_1_56' title='bbox 600 968 702 1006; x_wconf 92' lang='lat' dir='ltr'>ora</span> <span class='ocrx_word' id='word_1_57' title='bbox 737 955 1066 1026; x_wconf 80' lang='lat' dir='ltr'>gestusque</span> <span class='ocrx_word' id='word_1_58' title='bbox 1095 948 1435 1017; x_wconf 92' lang='lat' dir='ltr'>hominum,</span> <span class='ocrx_word' id='word_1_59' title='bbox 1468 950 1556 1006; x_wconf 91' lang='lat' dir='ltr'>ita</span> <span class='ocrx_word' id='word_1_60' title='bbox 1600 950 1938 1006; x_wconf 91' lang='lat' dir='ltr'>animorum</span> <span class='ocrx_word' id='word_1_61' title='bbox 1972 968 2213 1025; x_wconf 91' lang='lat' dir='ltr'>quoque</span> 
     </span>
     <span class='ocr_line' id='line_1_9' title="bbox 403 1045 2211 1121; baseline 0.001 -18"><span class='ocrx_word' id='word_1_62' title='bbox 403 1046 666 1115; x_wconf 77' lang='lat' dir='ltr'>habitus,</span> <span class='ocrx_word' id='word_1_63' title='bbox 712 1046 882 1121; x_wconf 80' lang='lat' dir='ltr'>quasi</span> <span class='ocrx_word' id='word_1_64' title='bbox 935 1045 1011 1104; x_wconf 90' lang='lat' dir='ltr'>de</span> <span class='ocrx_word' id='word_1_65' title='bbox 1058 1046 1355 1103; x_wconf 89' lang='lat' dir='ltr'>industria</span> <span class='ocrx_word' id='word_1_66' title='bbox 1407 1047 1622 1104; x_wconf 86' lang='lat' dir='ltr'>variari</span> <span class='ocrx_word' id='word_1_67' title='bbox 1668 1047 1978 1105; x_wconf 85' lang='lat' dir='ltr'>videmus:</span> <span class='ocrx_word' id='word_1_68' title='bbox 2035 1054 2105 1105; x_wconf 89' lang='lat' dir='ltr'>ut</span> <span class='ocrx_word' id='word_1_69' title='bbox 2149 1047 2211 1105; x_wconf 93' lang='lat' dir='ltr'>in</span> 
     </span>
     <span class='ocr_line' id='line_1_10' title="bbox 403 1145 2212 1205; baseline 0.001 -3"><span class='ocrx_word' id='word_1_70' title='bbox 403 1146 656 1204; x_wconf 90' lang='lat' dir='ltr'>mirifica</span> <span class='ocrx_word' id='word_1_71' title='bbox 706 1146 1124 1203; x_wconf 90' lang='lat' dir='ltr'>universorum</span> <span class='ocrx_word' id='word_1_72' title='bbox 1177 1145 1574 1204; x_wconf 77' lang='lat' dir='ltr'>similitudine</span> <span class='ocrx_word' id='word_1_73' title='bbox 1633 1145 1811 1204; x_wconf 88' lang='lat' dir='ltr'>facile</span> <span class='ocrx_word' id='word_1_74' title='bbox 1863 1154 2072 1205; x_wconf 88' lang='lat' dir='ltr'>tamen</span> <span class='ocrx_word' id='word_1_75' title='bbox 2123 1148 2212 1204; x_wconf 92' lang='lat' dir='ltr'>in-</span> 
     </span>
     <span class='ocr_line' id='line_1_11' title="bbox 403 1244 2211 1323; baseline 0.001 -21"><span class='ocrx_word' id='word_1_76' title='bbox 403 1251 825 1302; x_wconf 88' lang='lat' dir='ltr'>ternoscantur</span> <span class='ocrx_word' id='word_1_77' title='bbox 884 1244 1122 1323; x_wconf 84' lang='lat' dir='ltr'>singuli.</span> <span class='ocrx_word' id='word_1_78' title='bbox 1227 1244 1390 1322; x_wconf 89' lang='lat' dir='ltr'>Ergo</span> <span class='ocrx_word' id='word_1_79' title='bbox 1449 1245 1664 1302; x_wconf 91' lang='lat' dir='ltr'>iisdem</span> <span class='ocrx_word' id='word_1_80' title='bbox 1724 1245 1851 1303; x_wconf 90' lang='lat' dir='ltr'>fere</span> <span class='ocrx_word' id='word_1_81' title='bbox 1909 1245 1971 1303; x_wconf 93' lang='lat' dir='ltr'>in</span> <span class='ocrx_word' id='word_1_82' title='bbox 2031 1246 2211 1304; x_wconf 87' lang='lat' dir='ltr'>rebus</span> 
     </span>
     <span class='ocr_line' id='line_1_12' title="bbox 402 1343 2211 1420; baseline 0.001 -19"><span class='ocrx_word' id='word_1_83' title='bbox 402 1344 626 1402; x_wconf 86' lang='lat' dir='ltr'>iterum</span> <span class='ocrx_word' id='word_1_84' title='bbox 686 1352 870 1420; x_wconf 90' lang='lat' dir='ltr'>atque</span> <span class='ocrx_word' id='word_1_85' title='bbox 928 1345 1152 1402; x_wconf 90' lang='lat' dir='ltr'>iterum</span> <span class='ocrx_word' id='word_1_86' title='bbox 1215 1344 1434 1402; x_wconf 89' lang='lat' dir='ltr'>versari</span> <span class='ocrx_word' id='word_1_87' title='bbox 1488 1343 1702 1412; x_wconf 87' lang='lat' dir='ltr'>solent,</span> <span class='ocrx_word' id='word_1_88' title='bbox 1755 1343 1924 1403; x_wconf 94' lang='lat' dir='ltr'>nullo</span> <span class='ocrx_word' id='word_1_89' title='bbox 1985 1344 2211 1403; x_wconf 88' lang='lat' dir='ltr'>fastidii</span> 
     </span>
     <span class='ocr_line' id='line_1_13' title="bbox 402 1446 1251 1514; baseline -0.001 -10"><span class='ocrx_word' id='word_1_90' title='bbox 402 1456 590 1514; x_wconf 89' lang='lat' dir='ltr'>metu,</span> <span class='ocrx_word' id='word_1_91' title='bbox 626 1446 951 1505; x_wconf 85' lang='lat' dir='ltr'>Poetarum</span> <span class='ocrx_word' id='word_1_92' title='bbox 981 1446 1251 1504; x_wconf 85' lang='lat' dir='ltr'>maximi.</span> 
     </span>
    </p>

    <p class='ocr_par' dir='ltr' id='par_1_3' title="bbox 396 1545 2214 2918">
     <span class='ocr_line' id='line_1_14' title="bbox 491 1545 2214 1624; baseline 0.001 -19"><span class='ocrx_word' id='word_1_93' title='bbox 491 1547 593 1605; x_wconf 92' lang='lat' dir='ltr'>Ne</span> <span class='ocrx_word' id='word_1_94' title='bbox 632 1548 816 1606; x_wconf 84' lang='lat' dir='ltr'>verba</span> <span class='ocrx_word' id='word_1_95' title='bbox 854 1547 1101 1624; x_wconf 88' lang='lat' dir='ltr'>quidem</span> <span class='ocrx_word' id='word_1_96' title='bbox 1142 1547 1291 1623; x_wconf 90' lang='lat' dir='ltr'>ipsa,</span> <span class='ocrx_word' id='word_1_97' title='bbox 1323 1546 1511 1623; x_wconf 87' lang='lat' dir='ltr'>siquae</span> <span class='ocrx_word' id='word_1_98' title='bbox 1552 1545 1987 1616; x_wconf 88' lang='lat' dir='ltr'>adamaverint,</span> <span class='ocrx_word' id='word_1_99' title='bbox 2025 1554 2133 1605; x_wconf 88' lang='lat' dir='ltr'>aut</span> <span class='ocrx_word' id='word_1_100' title='bbox 2177 1567 2214 1606; x_wconf 90' lang='lat' dir='ltr'>a</span> 
     </span>
     <span class='ocr_line' id='line_1_15' title="bbox 402 1645 2210 1716; baseline -0.001 -10"><span class='ocrx_word' id='word_1_101' title='bbox 402 1667 466 1706; x_wconf 86' lang='lat' dir='ltr'>se</span> <span class='ocrx_word' id='word_1_102' title='bbox 507 1654 614 1706; x_wconf 88' lang='lat' dir='ltr'>aut</span> <span class='ocrx_word' id='word_1_103' title='bbox 654 1648 730 1705; x_wconf 93' lang='lat' dir='ltr'>ab</span> <span class='ocrx_word' id='word_1_104' title='bbox 761 1646 892 1705; x_wconf 89' lang='lat' dir='ltr'>aliis</span> <span class='ocrx_word' id='word_1_105' title='bbox 935 1646 1243 1703; x_wconf 86' lang='lat' dir='ltr'>interdum</span> <span class='ocrx_word' id='word_1_106' title='bbox 1276 1645 1542 1702; x_wconf 89' lang='lat' dir='ltr'>mutuari</span> <span class='ocrx_word' id='word_1_107' title='bbox 1575 1652 1876 1704; x_wconf 89' lang='lat' dir='ltr'>verentur.</span> <span class='ocrx_word' id='word_1_108' title='bbox 1967 1646 2106 1716; x_wconf 84' lang='lat' dir='ltr'>Quo</span> <span class='ocrx_word' id='word_1_109' title='bbox 2147 1646 2210 1703; x_wconf 95' lang='lat' dir='ltr'>in</span> 
     </span>
     <span class='ocr_line' id='line_1_16' title="bbox 399 1742 2211 1824; baseline -0.001 -21"><span class='ocrx_word' id='word_1_110' title='bbox 399 1765 623 1824; x_wconf 83' lang='lat' dir='ltr'>genere</span> <span class='ocrx_word' id='word_1_111' title='bbox 659 1748 755 1820; x_wconf 90' lang='lat' dir='ltr'>(ut</span> <span class='ocrx_word' id='word_1_112' title='bbox 785 1745 1100 1803; x_wconf 88' lang='lat' dir='ltr'>notissima</span> <span class='ocrx_word' id='word_1_113' title='bbox 1129 1743 1457 1821; x_wconf 88' lang='lat' dir='ltr'>proferam)</span> <span class='ocrx_word' id='word_1_114' title='bbox 1494 1742 1805 1802; x_wconf 89' lang='lat' dir='ltr'>Homerus</span> <span class='ocrx_word' id='word_1_115' title='bbox 1846 1763 1955 1802; x_wconf 88' lang='lat' dir='ltr'>sua</span> <span class='ocrx_word' id='word_1_116' title='bbox 1994 1744 2211 1822; x_wconf 87' lang='lat' dir='ltr'>saepius</span> 
     </span>
     <span class='ocr_line' id='line_1_17' title="bbox 402 1841 2212 1923; baseline -0.001 -20"><span class='ocrx_word' id='word_1_117' title='bbox 402 1846 643 1903; x_wconf 86' lang='lat' dir='ltr'>videtur</span> <span class='ocrx_word' id='word_1_118' title='bbox 698 1845 1075 1923; x_wconf 84' lang='lat' dir='ltr'>compilasse,</span> <span class='ocrx_word' id='word_1_119' title='bbox 1118 1842 1418 1921; x_wconf 91' lang='lat' dir='ltr'>Virgilius</span> <span class='ocrx_word' id='word_1_120' title='bbox 1466 1841 1816 1913; x_wconf 88' lang='lat' dir='ltr'>Homerica,</span> <span class='ocrx_word' id='word_1_121' title='bbox 1878 1843 2212 1921; x_wconf 85' lang='lat' dir='ltr'>Spenserus</span> 
     </span>
     <span class='ocr_line' id='line_1_18' title="bbox 401 1942 2211 2023; baseline 0 -21"><span class='ocrx_word' id='word_1_122' title='bbox 401 1953 607 2003; x_wconf 86' lang='lat' dir='ltr'>noster</span> <span class='ocrx_word' id='word_1_123' title='bbox 636 1952 742 2004; x_wconf 89' lang='lat' dir='ltr'>aut</span> <span class='ocrx_word' id='word_1_124' title='bbox 768 1944 1111 2023; x_wconf 90' lang='lat' dir='ltr'>Virgiliana</span> <span class='ocrx_word' id='word_1_125' title='bbox 1151 1950 1258 2001; x_wconf 92' lang='lat' dir='ltr'>aut</span> <span class='ocrx_word' id='word_1_126' title='bbox 1300 1942 1629 2001; x_wconf 87' lang='lat' dir='ltr'>clarissima</span> <span class='ocrx_word' id='word_1_127' title='bbox 1660 1942 1957 2002; x_wconf 84' lang='lat' dir='ltr'>Italorum</span> <span class='ocrx_word' id='word_1_128' title='bbox 1997 1962 2211 2002; x_wconf 91' lang='lat' dir='ltr'>monu-</span> 
     </span>
     <span class='ocr_line' id='line_1_19' title="bbox 400 2040 2212 2120; baseline -0.002 -18"><span class='ocrx_word' id='word_1_129' title='bbox 400 2052 626 2103; x_wconf 89' lang='lat' dir='ltr'>menta.</span> <span class='ocrx_word' id='word_1_130' title='bbox 734 2044 947 2120; x_wconf 83' lang='lat' dir='ltr'>Atque</span> <span class='ocrx_word' id='word_1_131' title='bbox 1014 2049 1085 2099; x_wconf 91' lang='lat' dir='ltr'>ut</span> <span class='ocrx_word' id='word_1_132' title='bbox 1151 2043 1214 2099; x_wconf 89' lang='lat' dir='ltr'>in</span> <span class='ocrx_word' id='word_1_133' title='bbox 1283 2040 1506 2099; x_wconf 85' lang='lat' dir='ltr'>talibus</span> <span class='ocrx_word' id='word_1_134' title='bbox 1572 2041 1848 2098; x_wconf 92' lang='lat' dir='ltr'>nonnihil</span> <span class='ocrx_word' id='word_1_135' title='bbox 1906 2041 2212 2101; x_wconf 85' lang='lat' dir='ltr'>tribuatur</span> 
     </span>
     <span class='ocr_line' id='line_1_20' title="bbox 402 2136 2211 2217; baseline 0 -19"><span class='ocrx_word' id='word_1_136' title='bbox 402 2140 638 2215; x_wconf 91' lang='lat' dir='ltr'>(verum</span> <span class='ocrx_word' id='word_1_137' title='bbox 671 2142 834 2200; x_wconf 92' lang='lat' dir='ltr'>enim</span> <span class='ocrx_word' id='word_1_138' title='bbox 858 2140 1081 2217; x_wconf 89' lang='lat' dir='ltr'>dicam)</span> <span class='ocrx_word' id='word_1_139' title='bbox 1105 2138 1375 2197; x_wconf 75' lang='lat' dir='ltr'>Desidiae</span> <span class='ocrx_word' id='word_1_140' title='bbox 1397 2136 1875 2216; x_wconf 77' lang='lat' dir='ltr'>z—(quanquam</span> <span class='ocrx_word' id='word_1_141' title='bbox 1904 2139 2055 2197; x_wconf 91' lang='lat' dir='ltr'>mihi</span> <span class='ocrx_word' id='word_1_142' title='bbox 2071 2140 2211 2217; x_wconf 77' lang='lat' dir='ltr'>&#39;qui-</span> 
     </span>
     <span class='ocr_line' id='line_1_21' title="bbox 400 2239 2211 2319; baseline -0.001 -19"><span class='ocrx_word' id='word_1_143' title='bbox 400 2243 540 2300; x_wconf 88' lang='lat' dir='ltr'>dem</span> <span class='ocrx_word' id='word_1_144' title='bbox 587 2241 761 2319; x_wconf 88' lang='lat' dir='ltr'>plura</span> <span class='ocrx_word' id='word_1_145' title='bbox 804 2239 1100 2317; x_wconf 89' lang='lat' dir='ltr'>ejusmodi</span> <span class='ocrx_word' id='word_1_146' title='bbox 1147 2239 1425 2297; x_wconf 88' lang='lat' dir='ltr'>videntur</span> <span class='ocrx_word' id='word_1_147' title='bbox 1462 2240 1727 2318; x_wconf 90' lang='lat' dir='ltr'>ingenuo</span> <span class='ocrx_word' id='word_1_148' title='bbox 1768 2240 2009 2298; x_wconf 88' lang='lat' dir='ltr'>cuidam</span> <span class='ocrx_word' id='word_1_149' title='bbox 2050 2241 2211 2318; x_wconf 89' lang='lat' dir='ltr'>prio-</span> 
     </span>
     <span class='ocr_line' id='line_1_22' title="bbox 398 2338 2209 2418; baseline 0 -19"><span class='ocrx_word' id='word_1_150' title='bbox 398 2361 533 2399; x_wconf 89' lang='lat' dir='ltr'>rum</span> <span class='ocrx_word' id='word_1_151' title='bbox 573 2349 782 2399; x_wconf 88' lang='lat' dir='ltr'>vatum</span> <span class='ocrx_word' id='word_1_152' title='bbox 822 2340 1012 2398; x_wconf 90' lang='lat' dir='ltr'>amori</span> <span class='ocrx_word' id='word_1_153' title='bbox 1056 2359 1125 2397; x_wconf 87' lang='lat' dir='ltr'>ac</span> <span class='ocrx_word' id='word_1_154' title='bbox 1167 2338 1527 2397; x_wconf 78' lang='lat' dir='ltr'>reverentiae</span> <span class='ocrx_word' id='word_1_155' title='bbox 1567 2339 1774 2397; x_wconf 90' lang='lat' dir='ltr'>deberi</span> <span class='ocrx_word' id='word_1_156' title='bbox 1797 2338 2080 2418; x_wconf 88' lang='lat' dir='ltr'>:)-—illud</span> <span class='ocrx_word' id='word_1_157' title='bbox 2117 2346 2209 2399; x_wconf 86' lang='lat' dir='ltr'>ta-</span> 
     </span>
     <span class='ocr_line' id='line_1_23' title="bbox 398 2437 2209 2518; baseline -0.001 -19"><span class='ocrx_word' id='word_1_158' title='bbox 398 2461 539 2499; x_wconf 92' lang='lat' dir='ltr'>men</span> <span class='ocrx_word' id='word_1_159' title='bbox 585 2441 967 2518; x_wconf 88' lang='lat' dir='ltr'>perspicuum</span> <span class='ocrx_word' id='word_1_160' title='bbox 1016 2439 1103 2509; x_wconf 88' lang='lat' dir='ltr'>fit,</span> <span class='ocrx_word' id='word_1_161' title='bbox 1147 2437 1324 2496; x_wconf 89' lang='lat' dir='ltr'>facile</span> <span class='ocrx_word' id='word_1_162' title='bbox 1372 2438 1519 2496; x_wconf 89' lang='lat' dir='ltr'>istos</span> <span class='ocrx_word' id='word_1_163' title='bbox 1561 2458 1631 2496; x_wconf 91' lang='lat' dir='ltr'>ac</span> <span class='ocrx_word' id='word_1_164' title='bbox 1679 2438 1942 2497; x_wconf 90' lang='lat' dir='ltr'>libenter</span> <span class='ocrx_word' id='word_1_165' title='bbox 1987 2439 2209 2498; x_wconf 87' lang='lat' dir='ltr'>Inven-</span> 
     </span>
     <span class='ocr_line' id='line_1_24' title="bbox 398 2537 2206 2615; baseline 0 -16"><span class='ocrx_word' id='word_1_166' title='bbox 398 2548 596 2599; x_wconf 92' lang='lat' dir='ltr'>torum</span> <span class='ocrx_word' id='word_1_167' title='bbox 633 2548 798 2599; x_wconf 84' lang='lat' dir='ltr'>certe</span> <span class='ocrx_word' id='word_1_168' title='bbox 829 2539 1009 2598; x_wconf 88' lang='lat' dir='ltr'>laude</span> <span class='ocrx_word' id='word_1_169' title='bbox 1040 2538 1319 2596; x_wconf 89' lang='lat' dir='ltr'>caruisse.</span> <span class='ocrx_word' id='word_1_170' title='bbox 1395 2537 1640 2605; x_wconf 84' lang='lat' dir='ltr'>Contra,</span> <span class='ocrx_word' id='word_1_171' title='bbox 1663 2540 1765 2614; x_wconf 92' lang='lat' dir='ltr'>qui</span> <span class='ocrx_word' id='word_1_172' title='bbox 1796 2538 2106 2615; x_wconf 89' lang='lat' dir='ltr'>trepidant</span> <span class='ocrx_word' id='word_1_173' title='bbox 2136 2559 2206 2599; x_wconf 89' lang='lat' dir='ltr'>ac</span> 
     </span>
     <span class='ocr_line' id='line_1_25' title="bbox 396 2637 2206 2718; baseline -0.001 -19"><span class='ocrx_word' id='word_1_174' title='bbox 396 2648 774 2718; x_wconf 88' lang='lat' dir='ltr'>torquentur,</span> <span class='ocrx_word' id='word_1_175' title='bbox 820 2638 971 2696; x_wconf 91' lang='lat' dir='ltr'>nihil</span> <span class='ocrx_word' id='word_1_176' title='bbox 1020 2658 1139 2695; x_wconf 88' lang='lat' dir='ltr'>non</span> <span class='ocrx_word' id='word_1_177' title='bbox 1193 2637 1535 2695; x_wconf 90' lang='lat' dir='ltr'>inauditum</span> <span class='ocrx_word' id='word_1_178' title='bbox 1582 2638 1963 2715; x_wconf 88' lang='lat' dir='ltr'>proferendo,</span> <span class='ocrx_word' id='word_1_179' title='bbox 2013 2640 2206 2698; x_wconf 90' lang='lat' dir='ltr'>ambi-</span> 
     </span>
     <span class='ocr_line' id='line_1_26' title="bbox 397 2737 2204 2817; baseline -0.001 -19"><span class='ocrx_word' id='word_1_180' title='bbox 397 2740 607 2799; x_wconf 88' lang='lat' dir='ltr'>tiosius</span> <span class='ocrx_word' id='word_1_181' title='bbox 638 2759 820 2817; x_wconf 91' lang='lat' dir='ltr'>quam</span> <span class='ocrx_word' id='word_1_182' title='bbox 851 2739 1044 2796; x_wconf 88' lang='lat' dir='ltr'>verius</span> <span class='ocrx_word' id='word_1_183' title='bbox 1074 2737 1329 2815; x_wconf 89' lang='lat' dir='ltr'>putandi</span> <span class='ocrx_word' id='word_1_184' title='bbox 1360 2746 1502 2796; x_wconf 89' lang='lat' dir='ltr'>sunt</span> <span class='ocrx_word' id='word_1_185' title='bbox 1532 2757 1729 2816; x_wconf 89' lang='lat' dir='ltr'>agere,</span> <span class='ocrx_word' id='word_1_186' title='bbox 1754 2739 1942 2796; x_wconf 89' lang='lat' dir='ltr'>etiam</span> <span class='ocrx_word' id='word_1_187' title='bbox 1974 2739 2204 2816; x_wconf 91' lang='lat' dir='ltr'>optime</span> 
     </span>
     <span class='ocr_line' id='line_1_27' title="bbox 396 2841 872 2918; baseline -0.004 -20"><span class='ocrx_word' id='word_1_188' title='bbox 396 2861 534 2918; x_wconf 86' lang='lat' dir='ltr'>quae</span> <span class='ocrx_word' id='word_1_189' title='bbox 567 2841 687 2898; x_wconf 84' lang='lat' dir='ltr'>sint</span> <span class='ocrx_word' id='word_1_190' title='bbox 717 2846 872 2897; x_wconf 88' lang='lat' dir='ltr'>acta.</span> 
     </span>
    </p>

    <p class='ocr_par' dir='ltr' id='par_1_4' title="bbox 390 2937 2205 3605">
     <span class='ocr_line' id='line_1_28' title="bbox 481 2937 2203 3016; baseline 0 -19"><span class='ocrx_word' id='word_1_191' title='bbox 481 2940 622 2997; x_wconf 92' lang='lat' dir='ltr'>Hoc</span> <span class='ocrx_word' id='word_1_192' title='bbox 653 2940 800 2997; x_wconf 87' lang='lat' dir='ltr'>vitio</span> <span class='ocrx_word' id='word_1_193' title='bbox 834 2957 1008 3015; x_wconf 86' lang='lat' dir='ltr'>paene</span> <span class='ocrx_word' id='word_1_194' title='bbox 1054 2937 1436 2996; x_wconf 86' lang='lat' dir='ltr'>cumulatum</span> <span class='ocrx_word' id='word_1_195' title='bbox 1478 2945 1571 2997; x_wconf 90' lang='lat' dir='ltr'>est</span> <span class='ocrx_word' id='word_1_196' title='bbox 1611 2938 1995 2996; x_wconf 89' lang='lat' dir='ltr'>notissimum</span> <span class='ocrx_word' id='word_1_197' title='bbox 2041 2939 2203 3016; x_wconf 87' lang='lat' dir='ltr'>apud</span> 
     </span>
     <span class='ocr_line' id='line_1_29' title="bbox 395 3036 2205 3113; baseline -0.002 -15"><span class='ocrx_word' id='word_1_198' title='bbox 395 3046 694 3098; x_wconf 89' lang='lat' dir='ltr'>nostrates</span> <span class='ocrx_word' id='word_1_199' title='bbox 715 3037 960 3104; x_wconf 89' lang='lat' dir='ltr'>Poema‚</span> <span class='ocrx_word' id='word_1_200' title='bbox 993 3036 1199 3113; x_wconf 90' lang='lat' dir='ltr'>(grave</span> <span class='ocrx_word' id='word_1_201' title='bbox 1230 3036 1504 3111; x_wconf 86' lang='lat' dir='ltr'>profecto</span> <span class='ocrx_word' id='word_1_202' title='bbox 1536 3043 1600 3094; x_wconf 88' lang='lat' dir='ltr'>et</span> <span class='ocrx_word' id='word_1_203' title='bbox 1631 3036 1958 3105; x_wconf 88' lang='lat' dir='ltr'>eruditum,</span> <span class='ocrx_word' id='word_1_204' title='bbox 1990 3045 2054 3096; x_wconf 92' lang='lat' dir='ltr'>et</span> <span class='ocrx_word' id='word_1_205' title='bbox 2084 3037 2205 3096; x_wconf 89' lang='lat' dir='ltr'>cla-</span> 
     </span>
     <span class='ocr_line' id='line_1_30' title="bbox 394 3120 2205 3211; baseline -0.002 -13"><span class='ocrx_word' id='word_1_206' title='bbox 394 3139 640 3198; x_wconf 88' lang='lat' dir='ltr'>rissimis</span> <span class='ocrx_word' id='word_1_207' title='bbox 694 3136 1048 3193; x_wconf 89' lang='lat' dir='ltr'>distinctum</span> <span class='ocrx_word' id='word_1_208' title='bbox 1110 3133 1484 3211; x_wconf 87' lang='lat' dir='ltr'>luminibus‚)</span> <span class='ocrx_word' id='word_1_209' title='bbox 1547 3120 1659 3192; x_wconf 88' lang='lat' dir='ltr'>cui</span> <span class='ocrx_word' id='word_1_210' title='bbox 1705 3135 1939 3203; x_wconf 90' lang='lat' dir='ltr'>titulus,</span> <span class='ocrx_word' id='word_1_211' title='bbox 1997 3135 2205 3195; x_wconf 84' lang='lat' dir='ltr'>“Noc-</span> 
     </span>
     <span class='ocr_line' id='line_1_31' title="bbox 393 3230 2202 3316; baseline -0.002 -20"><span class='ocrx_word' id='word_1_212' title='bbox 393 3246 587 3296; x_wconf 74' lang='lat' dir='ltr'>turnoe</span> <span class='ocrx_word' id='word_1_213' title='bbox 620 3234 867 3316; x_wconf 68' lang='lat' dir='ltr'>Zuyentis</span> <span class='ocrx_word' id='word_1_214' title='bbox 905 3230 1217 3292; x_wconf 50' lang='lat' dir='ltr'>excubiae?</span> <span class='ocrx_word' id='word_1_215' title='bbox 1322 3232 1558 3290; x_wconf 91' lang='lat' dir='ltr'>Possim</span> <span class='ocrx_word' id='word_1_216' title='bbox 1607 3232 1871 3310; x_wconf 90' lang='lat' dir='ltr'>allegare</span> <span class='ocrx_word' id='word_1_217' title='bbox 1912 3243 2202 3293; x_wconf 82' lang='lat' dir='ltr'>sexcenta</span> 
     </span>
     <span class='ocr_line' id='line_1_32' title="bbox 392 3331 2202 3414; baseline -0.001 -20"><span class='ocrx_word' id='word_1_218' title='bbox 392 3339 521 3414; x_wconf 77' lang='lat' dir='ltr'>ejus</span> <span class='ocrx_word' id='word_1_219' title='bbox 551 3336 701 3402; x_wconf 85' lang='lat' dir='ltr'>loca,</span> <span class='ocrx_word' id='word_1_220' title='bbox 734 3354 891 3410; x_wconf 89' lang='lat' dir='ltr'>quae,</span> <span class='ocrx_word' id='word_1_221' title='bbox 930 3331 1106 3390; x_wconf 92' lang='lat' dir='ltr'>initio</span> <span class='ocrx_word' id='word_1_222' title='bbox 1152 3332 1296 3390; x_wconf 87' lang='lat' dir='ltr'>satis</span> <span class='ocrx_word' id='word_1_223' title='bbox 1339 3331 1520 3399; x_wconf 91' lang='lat' dir='ltr'>dulci,</span> <span class='ocrx_word' id='word_1_224' title='bbox 1555 3332 1841 3390; x_wconf 91' lang='lat' dir='ltr'>desinunt</span> <span class='ocrx_word' id='word_1_225' title='bbox 1883 3334 1946 3391; x_wconf 93' lang='lat' dir='ltr'>in</span> <span class='ocrx_word' id='word_1_226' title='bbox 1988 3334 2202 3393; x_wconf 87' lang='lat' dir='ltr'>verbo-</span> 
     </span>
     <span class='ocr_line' id='line_1_33' title="bbox 390 3430 2198 3510; baseline -0.001 -18"><span class='ocrx_word' id='word_1_227' title='bbox 390 3455 525 3492; x_wconf 92' lang='lat' dir='ltr'>rum</span> <span class='ocrx_word' id='word_1_228' title='bbox 573 3433 868 3510; x_wconf 80' lang='lat' dir='ltr'>ineptias3</span> <span class='ocrx_word' id='word_1_229' title='bbox 924 3431 1168 3489; x_wconf 88' lang='lat' dir='ltr'>variatis</span> <span class='ocrx_word' id='word_1_230' title='bbox 1220 3431 1296 3488; x_wconf 90' lang='lat' dir='ltr'>ad</span> <span class='ocrx_word' id='word_1_231' title='bbox 1338 3430 1650 3488; x_wconf 88' lang='lat' dir='ltr'>fastidium</span> <span class='ocrx_word' id='word_1_232' title='bbox 1698 3430 2003 3500; x_wconf 77' lang='lat' dir='ltr'>clausuliS,</span> <span class='ocrx_word' id='word_1_233' title='bbox 2052 3434 2198 3491; x_wconf 91' lang='lat' dir='ltr'>dum</span> 
     </span>
     <span class='ocr_line' id='line_1_34' title="bbox 390 3528 1312 3605; baseline -0.002 -17"><span class='ocrx_word' id='word_1_234' title='bbox 390 3532 747 3589; x_wconf 86' lang='lat' dir='ltr'>inusitatum</span> <span class='ocrx_word' id='word_1_235' title='bbox 777 3528 1021 3605; x_wconf 86' lang='lat' dir='ltr'>aliquod</span> <span class='ocrx_word' id='word_1_236' title='bbox 1054 3529 1312 3586; x_wconf 65' lang='lat' dir='ltr'>emicet.v</span> 
     </span>
    </p>

    <p class='ocr_par' dir='ltr' id='par_1_5' title="bbox 478 3620 2191 3710">
     <span class='ocr_line' id='line_1_35' title="bbox 478 3620 2191 3710; baseline 0.002 -24"><span class='ocrx_word' id='word_1_237' title='bbox 478 3629 698 3698; x_wconf 82' lang='lat' dir='ltr'>Quare,</span> <span class='ocrx_word' id='word_1_238' title='bbox 752 3630 799 3686; x_wconf 94' lang='lat' dir='ltr'>si</span> <span class='ocrx_word' id='word_1_239' title='bbox 848 3627 1004 3685; x_wconf 85' lang='lat' dir='ltr'>forte</span> <span class='ocrx_word' id='word_1_240' title='bbox 1053 3629 1134 3710; x_wconf 8' lang='lat' dir='ltr'>*de</span> <span class='ocrx_word' id='word_1_241' title='bbox 1184 3627 1376 3686; x_wconf 88' lang='lat' dir='ltr'>Poeta</span> <span class='ocrx_word' id='word_1_242' title='bbox 1419 3620 1650 3703; x_wconf 87' lang='lat' dir='ltr'>quovis,</span> <span class='ocrx_word' id='word_1_243' title='bbox 1698 3637 1768 3686; x_wconf 94' lang='lat' dir='ltr'>ut</span> <span class='ocrx_word' id='word_1_244' title='bbox 1819 3629 1906 3697; x_wconf 78' lang='lat' dir='ltr'>fit,</span> <span class='ocrx_word' id='word_1_245' title='bbox 1963 3630 2191 3689; x_wconf 86' lang='lat' dir='ltr'>oriatur</span> 
     </span>
    </p>
   </div>
  </div>
 </body>
</html>
