2320 4126
187 281 342 317 PRAEL.
363 279 454 313 x11.
535 258 810 311 oraculum
840 256 1050 309 Tiresiae
1064 275 1082 306 .·
1132 255 1332 323 Ulysses
1353 255 1579 306 moriens.
1817 256 1914 306 20]

271 405 541 478 Denique
583 402 920 458 universum
960 399 1117 455 hunc
1156 397 1350 455 locum
1389 397 1692 472 aptissime
1721 415 1926 453 cumu-

185 501 330 558 labit
361 497 681 576 Oraculfum
710 496 961 564 Tiresiae,
992 515 1107 570 quo
1146 494 1247 550 ille
1277 495 1452 551 docet
1483 493 1778 569 Ulyssem,
1808 511 1925 566 quo

185 598 421 656 tandem
482 594 600 650 ritu
668 592 976 649 maritimis
1038 589 1311 666 periculis
1369 590 1443 647 ab
1501 609 1572 647 eo
1630 590 1692 645 in
1750 606 1925 645 omne

184 701 416 767 tempus
446 689 890 747 valedicendum
921 687 1051 744 sity.

415 816 558 874 Αὐτὰρ
580 815 684 871 ἐπὴν
701 816 947 872 μνηστῆρας
968 813 1028 858 ε’νὶ
1048 814 1275 871 μεγάροισι
1293 815 1457 858 τεοῖσιν

416 888 592 944 κτείνῃς,
614 885 662 943 ἧὲ
683 887 814 946 δόλῳ,
835 885 860 942 ἢ
881 886 1083 943 ἀμφαδὸν
1103 885 1197 940 ὀξέῖ
1211 886 1377 945 χαλκῷ,

417 959 624 1018 ἔρχεσθαι
646 958 696 1015 δὴ
719 959 879 1010 ἔπειτα,
899 959 1049 1010 λαβὼν
1069 957 1215 1014 εὐῆρες
1235 957 1425 1014 ἐρετμὸν,

415 1030 559 1076 εἶσοκε
577 1031 676 1075 τοὺς
695 1030 888 1087 ἀφίκηαι,
910 1028 950 1073 οἳ
970 1029 1046 1072 οὐκ
1066 1026 1192 1072 ἴσασι
1213 1028 1446 1072 θάλασσαν

413 1102 573 1159 ἀνέρες,
594 1101 692 1145 οὐδὲ
714 1101 750 1144 θ’
773 1102 934 1146 ἅλεσσι
954 1098 1211 1157 μεμιγμένον
1230 1096 1349 1155 εἶδαρ
1371 1099 1556 1143 ἔδουσιν·

413 1174 502 1218 οὐδ’
525 1174 607 1231 ἄρα
626 1172 734 1231 τοίγ’
754 1171 881 1218 ἴσασι
902 1172 997 1217 νέας
1016 1170 1395 1229 φοινικοπαρῄους,

415 1245 502 1290 οὐδ’
525 1244 658 1303 εὐήρε’
682 1244 836 1302 ἐρετμὰ
855 1244 955 1288 τάτε
973 1243 1109 1300 πτερὰ
1130 1243 1255 1298 νηυσὶ
1275 1242 1493 1286 πέλονται·

416 1320 533 1374 σῆμα
554 1316 603 1360 δέ
620 1334 686 1360 τοι
708 1315 810 1373 ἐρέω
830 1314 930 1371 μάλ’
953 1313 1203 1372 ἀριφραδὲς,
1226 1313 1329 1356 οὐδέ
1347 1331 1401 1357 σε
1421 1311 1565 1368 λήσει·

414 1389 577 1433 ὅππότε
598 1406 668 1431 κεν
687 1386 738 1443 δή
760 1405 824 1431 τοι
845 1385 1141 1442 ξυμβλημένος
1160 1384 1295 1430 ἄλλος
1315 1384 1457 1440 ὁδίτης

414 1459 506 1518 φήῃ
527 1459 813 1517 ἀθηρηλοιγὸν
832 1458 946 1515 ἔχειν
965 1457 1044 1500 ἀνὰ
1063 1456 1254 1516 φαιδίμῳ
1275 1455 1389 1515 ὤμῳ,

416 1533 484 1575 καὶ
504 1534 602 1576 τότε
621 1531 672 1587 δὴ
693 1531 791 1589 γαίῃ
811 1529 949 1586 πήξας
969 1530 1114 1587 εὐῆρες
1135 1529 1325 1586 ε’ρετμὸν,

414 1604 541 1662 ῥέξας
563 1604 654 1661 ἱερὰ
674 1604 783 1646 καλὰ
805 1602 1071 1646 Ποσειδάωνι
1092 1601 1252 1652 ἄνακτι,

415 1677 596 1734 ἀρνειὸν,
618 1677 774 1732 ταῦρόν
793 1693 854 1726 τε,
877 1678 993 1719 συῶν
1016 1672 1051 1717 τ’
1075 1671 1311 1730 ἐπιβήτορα
1332 1672 1507 1729 κάπρον,

417 1746 548 1791 οἴκαδ’
570 1747 859 1804 ἀποστείχειν,
881 1746 1019 1802 ἕρδειν
1040 1744 1077 1788 θ’
1101 1745 1215 1801 ἱερὰς
1234 1745 1475 1800 ἑκατόμβας

416 1819 666 1863 ἀθανάτοισι
688 1819 841 1870 θεοῖσι,
863 1818 930 1862 τοὶ
951 1818 1130 1874 οὐρανὸν
1151 1815 1274 1873 εὐρὺν
1295 1816 1486 1873 ἔχουσιν,

414 1894 525 1935 πᾶσι
545 1890 643 1948 μάλ’
666 1891 815 1947 ἑξείης·
850 1891 1030 1935 θάνατος
1049 1889 1101 1933 δέ
1118 1907 1184 1933 τοι
1205 1888 1254 1943 ἐξ
1274 1887 1380 1933 ἁλὸς
1400 1888 1514 1947 αὐτῷ

415 1963 640 2020 ἀβληχρὸς
659 1961 776 2019 μάλα
796 1965 910 2007 τοῖος
931 1960 1171 2011 ἐλεύσεται,
1194 1959 1241 2005 ὅς
1262 1959 1310 2002 κε’
1329 1978 1382 2003 σε
1401 1958 1545 2016 πέφνῃ

415 2033 536 2092 γήρα’
558 2033 642 2079 ὕπο
662 2036 831 2093 λιπαρῷ
853 2032 1074 2091 ἀρημένον·
1107 2031 1222 2089 ἀμφὶ
1243 2030 1289 2074 δέ
1309 2030 1410 2074 λαοὶ

416 2106 560 2160 ὄλβιοι
580 2107 801 2152 ἔσσονται·
833 2105 935 2150 τάδε
955 2123 1022 2149 τοι
1043 2102 1250 2161 νημερτέα
1271 2101 1386 2159 εἴρω.

185 2242 363 2310 Quod
393 2243 439 2299 si
462 2243 592 2317 quis
621 2246 907 2310 occurrat,
930 2239 1233 2297 obscurius
1261 2237 1460 2314 paullo
1491 2256 1617 2295 esse
1647 2238 1789 2312 quid
1819 2239 1929 2296 sibi

184 2337 329 2394 velit
384 2337 628 2395 effatum
684 2337 859 2404 istud,
917 2343 1229 2412 propterea
1287 2335 1445 2410 quod
1503 2334 1784 2391 credibile
1853 2335 1930 2391 sit

183 2434 420 2508 periisse
459 2452 535 2490 ex
573 2434 858 2490 memoria
890 2433 1198 2489 hominum
1229 2430 1610 2498 historiolam,
1643 2449 1747 2487 seu
1776 2430 1930 2488 forte

183 2530 362 2586 ritum
390 2528 667 2604 aliquem,
690 2548 867 2604 quem
896 2528 958 2584 in
987 2534 1190 2584 mente
1220 2527 1494 2584 habuerit
1524 2527 1802 2601 scriptor:
1834 2544 1929 2581 nae

182 2625 232 2682 is
276 2643 373 2681 me
423 2625 892 2682 consentientem
947 2623 1227 2690 habebit;
1293 2629 1524 2679 constat
1581 2628 1802 2688 tamen,
1861 2627 1930 2676 ut

183 2722 404 2796 opinor,
451 2721 566 2777 dici
623 2740 693 2778 ea
740 2740 919 2795 quam
967 2721 1264 2777 verissime
1314 2719 1388 2775 ad
1441 2717 1930 2775 consuetudinem

184 2824 594 2874 veteranorum
628 2824 940 2873 nautarum
964 2837 978 2884 3
1023 2816 1234 2890 quibus
1263 2815 1470 2890 utique
1500 2814 1704 2890 religio
1735 2814 1927 2893 fuerit,

184 2913 397 2969 dedere
448 2931 511 2969 se
558 2919 715 2969 totos
761 2914 883 2969 otio
928 2913 1178 2986 vitaeque
1238 2910 1557 2978 umbratili,
1600 2929 1719 2966 non
1768 2910 1930 2985 prius

183 3008 502 3066 solenniter
557 3009 829 3065 invocato
893 3008 1070 3064 maris
1131 3006 1280 3062 Deo·
1395 3006 1594 3074 Quare
1651 3007 1726 3063 ad
1791 3025 1928 3063 eum

182 3105 534 3180 placandum
598 3125 721 3166 non
790 3105 967 3161 modo
1039 3103 1334 3161 caedendae
1393 3103 1663 3170 victimae,
1722 3121 1930 3158 verum

187 3200 370 3257 etiam
412 3201 589 3258 sacris
630 3202 756 3276 ejus
798 3200 1085 3257 initianda
1121 3218 1266 3275 gens
1301 3199 1377 3255 ab
1407 3198 1648 3255 Oceano
1683 3204 1927 3255 remota.

182 3293 322 3362 Qua
363 3296 424 3351 in
460 3295 676 3353 fabella
716 3297 1042 3353 notandum
1084 3294 1386 3369 imprimis,
1417 3298 1638 3367 quanta
1667 3293 1930 3350 veritatis

183 3390 377 3466 specie
428 3389 744 3447 efferantur
789 3390 1005 3447 indicia
1054 3389 1360 3445 hominum
1418 3406 1580 3445 mere
1630 3407 1698 3444 ac
1754 3386 1929 3463 plane

886 3577 903 3602 7
936 3569 1024 3613 Od.
1046 3569 1102 3613 xi·
1131 3583 1224 3626 119-
