2320 4126
118 297 271 330 PRAEL.
292 294 362 327 IX.
416 274 692 326 IIomerica
717 272 949 351 quaedam
974 271 1034 322 de
1057 271 1237 322 castris
1260 270 1569 339 tranquillis.
1757 272 1862 324 1929

118 430 236 471 non·
293 410 540 468 rhetoris
596 408 900 484 cujusdam
949 412 1063 463 aut
1121 404 1411 479 rhapsodi,
1457 405 1559 461 sed
1609 404 1862 479 gregarii

118 508 312 584 potius
340 505 563 562 militis.
651 503 819 561 Solet
849 501 1140 560 autemid
1169 519 1357 577 genus
1387 500 1698 557 hominum
1738 517 1862 556 ma-

108 605 298 680 jorem
329 600 393 659 in*
424 602 667 658 modum
707 599 1063 657 commoveri
1097 598 1406 674 grandiore
1435 598 1639 672 quavis
1670 597 1860 664 turba‚'

118 699 304 775 qualis
347 700 431 766 fit,
493 700 715 774 opinor,
764 695 1268 753 tumultuantibus
1314 695 1550 751 castris:
1617 713 1751 769 quae
1813 694 1859 750 si

117 796 307 854 verbis
363 795 475 853 erit
533 794 898 869 explicanda,
949 793 1166 849 mirum
1225 793 1286 848 ni
1343 791 1430 848 illi
1486 792 1859 870 ὑπερβολικῶς

117 889 419 965 complura
461 895 717 956 narrent,
753 894 815 944 et
858 888 1216 955 rotundiore,
1249 906 1425 962 quam
1469 905 1574 962 par
1617 886 1711 953 sit,
1742 905 1861 943 ore.

118 985 244 1043 Illis
282 986 483 1061 itaque
521 1003 722 1041 rumor
763 1003 868 1060 per
905 991 1096 1041 castra
1134 1003 1271 1041 casu
1307 984 1542 1041 deditus
1585 983 1734 1040 ὅσσα
1777 983 1862 1050 fit,

117 1079 250 1144 Διὸς
291 1079 571 1157 ἄγγελοςε
617 1088 834 1138 terram
877 1082 1064 1156 ipsam
1107 1081 1464 1157 ingemuisse
1507 1081 1675 1138 aiunt
1719 1087 1865 1138 stre-

117 1178 246 1254 pitu
296 1179 571 1246 militum,
615 1197 752 1236 eum
787 1179 1025 1257 impetu
1064 1177 1321 1253 quodam
1364 1179 1753 1235 sternentium
1800 1196 1863 1235 se

118 1293 260 1332 cavo
290 1274 349 1331 in
381 1275 638 1351 cespite3

469 1422 800 1433 ........
833 1390 915 1433 ὑπὸ
938 1389 984 1433 δὲ
1006 1390 1284 1447 στοναχίζετο
1304 1392 1420 1446 γαῖα,

460 1465 580 1507 λαῶν
600 1463 774 1517 ἱζόντων
808 1492 1373 1507 .............

115 1564 274 1634 Quin
330 1571 611 1623 sexcenta
666 1571 804 1622 sunt
867 1565 1174 1640 ejusmodi,
1234 1565 1464 1641 quibuS,
1525 1568 1624 1641 qui
1683 1565 1860 1633 volet,

115 1661 285 1720 facile
339 1662 654 1740 intelliget,
709 1661 1044 1719 Homerum
1095 1681 1216 1719 non
1267 1662 1470 1719 audita
1528 1662 1709 1737 loqui,
1746 1664 1862 1721 sed

115 1764 397 1835 tanquam
454 1778 640 1817 unum
707 1760 781 1816 de
843 1758 1037 1835 plebe,
1096 1778 1231 1835 quae
1303 1779 1473 1817 aures
1541 1760 1861 1836 oculosque

113 1854 446 1911 acutissime
491 1854 958 1930 perstrinxerint,
994 1873 1065 1911 ea
1101 1853 1508 1931 grandioribus
1547 1874 1705 1931 saepe
1736 1874 1864 1912 ver-

114 1950 218 2018 bis,
249 1969 425 2026 quam
454 1970 545 2008 res
574 1970 680 2026 per
708 1969 770 2008 se
801 1951 971 2019 ferat,
1002 1969 1288 2008 enarrare.

197 2045 372 2114 Quod
409 2047 686 2122 quoniam
730 2047 791 2103 in
834 2047 1038 2104 castris
1081 2047 1441 2106 turbulentis
1492 2049 1632 2106 satis
1679 2067 1861 2124 expo-

113 2142 351 2211 suimuS‚
373 2143 497 2218 jam
525 2144 599 2201 ad
629 2151 839 2220 pacata
868 2150 930 2201 et
959 2144 1277 2219 tranquilla
1298 2146 1619 2203 veniamus.
1699 2145 1865 2202 Noo-

115 2247 312 2297 turnas
354 2241 692 2298 intueamur
735 2241 950 2298 ducum
992 2240 1237 2318 vigilias,
1282 2242 1356 2299 de
1400 2235 1613 2318 quibus
1657 2243 1717 2298 in
1763 2243 1863 2299 de-

113 2337 266 2394 cimo
303 2337 453 2394 libro
483 2337 685 2396 Iliadis
714 2339 923 2415 agitur.
1013 2338 1230 2414 Neque
1259 2358 1399 2397 vero
1429 2359 1536 2398 nos
1564 2339 1678 2397 hoe
1709 2347 1862 2398 tem-

113 2452 254 2509 pore
303 2433 608 2492 laudamus
657 2435 994 2511 praeolaram
1040 2435 1204 2493 illam
1251 2435 1723 2515 Agamemnonis
1773 2438 1862 2494 in-

113 2530 331 2589 somnis
360 2528 751 2608 imaginemb:

406 2640 462 2684 ὣς
482 2638 518 2682 δ’
541 2637 643 2683 ὅταν
662 2639 890 2697 ἀστράπτῃ
911 2640 1042 2684 πόσις
1056 2638 1196 2696 “Ηρης
1216 2639 1433 2697 ἠϋκόμοιο,

402 2709 566 2769 τεύχων
585 2710 610 2767 ἢ
630 2712 769 2756 πολὺν
787 2711 952 2769 ὄμβρον
972 2712 1239 2770 ἀθέσφατον,
1261 2711 1310 2768 ἦὲ
1329 2714 1535 2770 χάλαζαν,

402 2782 427 2838 ἢ
450 2783 639 2840 νίφετον,
662 2782 734 2827 ὅτε
753 2783 835 2841 πέρ
857 2802 904 2827 τε
924 2784 1032 2840 χίων
1054 2784 1261 2828 ἐπάλυνεν
1280 2783 1480 2842 ἀρούρας,

402 2852 453 2910 ἦέ
465 2854 568 2899 ποθι
587 2854 822 2912 πτολέμοιο
841 2855 951 2913 μέγα
973 2857 1115 2912 στόμα
1133 2855 1421 2901 πευκεδανοῖο·

403 2928 460 2971 ὣς
477 2925 612 2971 πῦκιν’
634 2927 679 2971 ἐν
700 2926 941 2983 στήθεσσιν
961 2927 1254 2986 ἄνεστονάχιζ’
1273 2927 1551 2986 Ἀγαμέμνων

403 2998 563 3043 νειόθεν
583 2998 628 3042 ἐκ
650 2998 836 3057 κραδίης·
869 3000 1100 3058 τρομέοντο
1121 3001 1170 3045 δὲ
1189 3002 1230 3044 οἱ
1251 3000 1409 3059 φρένες
1430 3001 1562 3046 ἐντός.

402 3073 494 3126 ἤτοι
515 3070 576 3115 ὅτ’
599 3071 643 3118 ἐς
661 3072 809 3117 πεδίον
828 3073 877 3116 τὸ
899 3074 1104 3131 Τρωῖικὸν
1123 3072 1367 3130 ἀθρῆσειεν,

401 3142 610 3200 θαύμαζεν
628 3144 923 3202 πυρὰηπολλὰ,
945 3146 998 3189 τὰ
1019 3145 1160 3190 καίετο
1181 3145 1332 3190 Ἰλιόθι
1351 3147 1453 3204 πρὸ,

403 3214 549 3258 αὐλῶν
568 3215 789 3274 συρίγγων
807 3215 843 3260 τ’
867 3216 1036 3274 ἐνοπήν,
1061 3217 1222 3275 ὅμαδον
1241 3217 1277 3261 τ’
1299 3217 1545 3275 ἀνθρώπων.

400 3284 533 3344 αὗταρ
555 3285 615 3331 ὅτ’
637 3288 680 3334 ἐς
700 3290 799 3345 νῆάς
819 3308 865 3334 τε
884 3289 969 3334 ἴδοι
990 3290 1058 3333 καὶ
1078 3292 1185 3335 λαὸν
1203 3290 1403 3347 Ἀχαιῶν,

401 3359 569 3404 πολλὰς
589 3359 634 3403 ἐκ
654 3362 846 3418 κεφαλῆς
864 3361 1185 3420 προθελύμνους
1204 3362 1356 3406 ἕλκετο
1377 3361 1528 3419 χαίτας

403 3430 534 3487 ὑψόθ’
558 3432 669 3477 ἐόντι
690 3434 774 3478 Δι’ἳ·
807 3434 918 3492 μέγα
939 3434 975 3479 δ’
998 3436 1146 3480 ἔστενε
1168 3435 1400 3490 κυδάλιμον
1421 3435 1498 3490 κῆρ
1533 3466 1541 3476 .
1579 3468 1587 3477 .
1625 3467 1634 3477 .

801 3622 824 3652 b
848 3621 900 3666 ΙΙ.
922 3638 966 3665 x.
989 3623 1145 3678 5-16.

919 3713 963 3751 K
