2320 4126
308 272 570 306 PRAEL.xx.
637 253 873 321 Spectare
896 268 1003 303 eam
1020 253 1289 321 prcecipue
1314 253 1386 303 ad
1410 255 1801 321 Ayamemnona.
1951 256 2050 307 361

309 396 567 460 cessitaS,
617 394 765 450 irata
810 391 984 468 plebe
1033 400 1275 469 propter
1323 394 1757 469 navigationem
1809 395 2062 471 denega-

291 501 430 549 -tam
453 488 499 547 i:

661 602 730 645 καὶ
750 600 838 645 τόθ’
861 600 1029 659 ἡγέμων
1050 603 1074 644 ὁ
1092 603 1289 659 πρεσβυς

726 677 829 717 νεῶν
847 672 1076 730 Ἀχαϊκῶν,

662 747 812 802 μάντιν
833 749 977 790 οὔτινα
996 744 1165 803 ψέγων,

311 843 631 914 (dissimilis
682 843 888 916 utique
938 840 1241 898 Homerici
1293 840 1466 909 illius,
1515 843 1951 900 exardescentis
2001 843 2062 898 in

309 938 691 996 Calchantem
726 939 835 995 sub
860 938 986 1013 ipso
1011 937 1212 994 Iliadis
1236 939 1500 996 exordio:
1538 939 1635 996 hic
1660 958 1797 996 vero
1820 941 2061 1010 noster,)

663 1052 857 1109 ἐμπαίοις
877 1051 1055 1110 τύχαισι
1076 1050 1319 1108 συμπνέων,

310 1155 368 1211 id
415 1155 571 1229 quod
617 1154 976 1211 suavissimae
1022 1160 1148 1210 erat
1199 1153 1429 1220 indolis,
1466 1162 1595 1210 tum
1639 1154 1880 1210 demum
1927 1154 2064 1209 dirae

310 1252 576 1329 religioni
619 1270 828 1308 manus
869 1251 988 1318 dat,
1024 1270 1159 1307 cum
1207 1250 1416 1307 viderit
1465 1250 1781 1314 Parcarum
1827 1251 2065 1307 decreta

310 1370 442 1407 cum
480 1350 653 1407 minis
682 1349 898 1406 insanae
927 1347 1116 1424 plebis
1146 1349 1512 1404 consentire:

663 1468 747 1513 εὖτ’
769 1468 929 1525 ἀπλοίᾳ
950 1469 1145 1526 κενάγγει
1165 1466 1390 1526 βαρύνοντ’
1412 1467 1613 1526 Ἀχαϊκὸς
1632 1469 1756 1519 λεὼς,

663 1541 876 1587 Χαλκίδος
895 1540 1031 1599 πέραν
1051 1541 1163 1599 ἔχων

663 1613 944 1672 παλιρρόθοις
965 1614 1010 1658 ἐν
1031 1614 1217 1659 Αὐλίδος
1236 1616 1395 1658 τόποις·

663 1689 789 1730 πνόαι
811 1686 847 1730 δ’
871 1686 956 1730 ἀπὸ
977 1685 1217 1744 Στρύμονος
1235 1685 1450 1743 μολούσαι

664 1760 944 1816 κακόσχολοι,
968 1757 1180 1814 νήστιδες,
1203 1756 1431 1817 δύσορμοι,

721 1833 892 1889 βροτῶν
912 1830 1027 1883 ἄλαι,

723 1907 827 1947 νεῶν
847 1921 893 1946 τε
915 1903 983 1946 καὶ
1003 1903 1251 1959 πεισμάτων
1272 1902 1479 1960 ἀφειδεῖς,

723 1973 972 2031 παλιμμήκη
993 1976 1152 2032 χρόνον
1173 1974 1359 2018 τιθεῖσαι

665 2046 816 2105 τρίβῳ,
839 2046 1086 2102 κατέξαινον
1107 2047 1234 2092 ἶίνθος
1253 2045 1476 2105 Ἀργείων.

311 2139 556 2215 Optime
579 2140 951 2198 adumbravit
973 2150 1148 2217 poeta
1170 2143 1639 2218 indignationem
1663 2142 2066 2209 militum‚isto

312 2237 475 2294 velut
506 2237 813 2294 infamium
839 2239 1151 2295 verborum
1177 2238 1442 2296 cumulo:
1484 2259 1683 2316 regem
1717 2239 1891 2296 simul
1921 2239 2069 2294 invi-

311 2342 440 2389 tum
476 2332 725 2407 opprimi
767 2333 1060 2410 significat
1091 2334 1185 2390 vel
1227 2335 1353 2410 ipsa
1395 2353 1777 2391 numerorum
1823 2334 2067 2399 ratione,

310 2429 618 2485 ruentibus
669 2430 1104 2504 quodammodo
1156 2430 1271 2487 alia
1322 2450 1497 2506 super
1542 2430 1717 2487 aliam
1772 2430 2066 2487 clausulis.

312 2525 487 2593 Quod
517 2533 717 2582 autem
754 2526 932 2583 filiam
980 2536 1148 2602 pater
1189 2528 1428 2584 tandem
1461 2527 1776 2603 aliquando
1807 2527 2068 2584 decrevit

310 2622 749 2691 immolandam,
791 2625 1141 2682 monstravit
1187 2632 1383 2699 poeta,
1426 2624 1573 2681 nihil
1619 2634 1742 2681 tam
1788 2625 1849 2680 in
1894 2643 2069 2681 causa

310 2719 503 2786 fuisse,
536 2739 711 2795 quam
750 2722 947 2796 opinio
979 2722 1091 2778 ista
1122 2722 1402 2779 damnosa
1442 2729 1504 2779 et
1541 2722 1767 2789 infelix,
1799 2740 1975 2796 quam
2020 2722 2068 2778 is

311 2816 385 2872 de
426 2835 619 2872 rerum
652 2816 815 2873 fatali
849 2819 1052 2875 ordine
1084 2826 1337 2894 ceperat.
1429 2818 1517 2875 Ea
1560 2819 1839 2874 nimirum
1884 2817 2067 2873 semel

310 2913 573 2970 imbutus
599 2912 1037 2989 Agamemnon,
1067 2915 1137 2971 fit
1166 2915 1316 2971 alius
1346 2915 1532 2972 ferme
1563 2916 1651 2971 vir
1678 2922 1857 2989 atque
1892 2921 2068 2971 antea

310 3008 518 3065 fuerat.
608 3008 748 3066 Sive
776 3016 845 3066 ut
875 3010 1056 3085 ipsius
1087 3011 1349 3087 AEschyli
1382 3011 1573 3068 verbis
1602 3018 1736 3068 utar
1752 3006 1798 3078 k,

664 3120 756 3163 ἕπει
775 3119 959 3179 ἀνάγκης
978 3121 1053 3165 ἔδυ
1072 3122 1288 3166 λέπαδνον

664 3193 825 3249 φρενὸς
844 3193 983 3238 πνέων
1004 3194 1202 3250 δυσσεβῆ
1223 3194 1446 3251 τροπαίαν,

664 3262 859 3320 ἄναγνον,
881 3262 1063 3320 ἀνίερον,
1085 3264 1211 3307 τόθεν

665 3335 714 3377 τὸ
735 3337 1034 3391 παντότολμον
1055 3337 1234 3392 φρονεῖν
1253 3333 1456 3391 μετέγνω.

315 3434 461 3502 Quae
491 3435 687 3492 omnia
717 3437 960 3493 mirifice
993 3433 1353 3492 conveniunt
1385 3455 1520 3492 cum
1553 3436 1640 3502 iis,
1666 3457 1793 3511 quae
1825 3457 1899 3494 ex
1926 3438 2066 3494 Pro-

610 3609 621 3638 ἰ
652 3610 803 3665 Aqam.
834 3621 931 3666 177.
1483 3610 1499 3633 ¹⁴
1538 3610 1642 3654 lbid.
1667 3625 1768 3655 211.
