2320 4126
379 248 452 303 74
506 247 768 302 Carmina
794 246 1027 320 Zonyiora
1052 247 1112 301 in
1122 247 1419 319 fhrmulam
1442 255 1671 302 nostram
1696 249 1894 304 cadere.
1922 268 2084 306 PRAEL.
2106 270 2180 305 v1.

376 393 579 469 potius
638 410 819 470 quam
887 391 1208 462 narrandi;
1276 390 1485 468 quales
1547 392 1624 450 de
1693 411 1896 451 rerum
1961 400 2182 453 natura

379 489 721 559 LucretiUS‚
763 490 839 548 de
885 508 1166 547 arvorum
1214 489 1386 548 cultu
1411 489 1730 568 Virgilius,
1772 491 1849 549 de
1891 492 2180 561 moribus,

379 589 456 647 de
485 587 879 665 philosophia,
904 587 980 644 de
1009 587 1187 645 variis
1217 587 1448 646 artibus
1477 587 1673 647 multa
1701 587 1883 647 multi
1914 588 2180 647 carmine

379 687 800 764 disputarunt3
864 685 1197 743 verendum
1249 703 1393 743 sane
1443 685 1751 746 nonnullis
1799 686 2058 752 videtur,
2105 706 2183 744 116

378 785 702 844 formulam
730 784 821 843 illi
856 790 1127 843 nostram
1168 785 1415 843 omnino
1458 793 1740 845 recusent
1780 806 1851 845 ac
1890 786 2183 864 rejiciant.

381 884 549 944 Nam
589 885 653 942 in
691 884 764 942 iis
804 883 1164 961 plerumque
1195 891 1526 954 versantur,
1559 904 1690 962 quae
1720 885 1943 962 partim
1988 904 2187 943 remo-

378 984 534 1043 tiora
592 991 750 1054 sunt,
804 984 1027 1061 partim
1078 982 1434 1062 vulgatiora,
1486 1004 1670 1061 quam
1729 984 1950 1062 quibus
2008 983 2187 1043 facile

380 1083 589 1140 credat
639 1081 855 1158 aliquis
907 1080 1156 1158 percelli
1215 1101 1391 1159 posse
1441 1081 1761 1140 hominum
1812 1087 2069 1148 menteS,
2123 1087 2187 1139 et

378 1182 442 1238 in
484 1200 639 1251 eam,
672 1200 854 1257 quam
886 1181 1232 1257 quaerimUS,
1266 1180 1505 1251 Poesin,
1538 1182 1708 1259 quasi
1746 1181 1874 1240 fato
1905 1181 2187 1258 quodam,

381 1280 620 1340 incitari
686 1286 873 1357 atque
943 1280 1152 1358 abripi.
1262 1279 1483 1357 Itaque
1551 1288 1661 1339 aut
1726 1299 1836 1339 nos
1903 1280 2189 1338 vanitatis

378 1380 567 1459 argui,
592 1370 706 1438 aut'
725 1378 1100 1448 Lucretium,
1126 1385 1497 1456 caeterosque
1526 1380 1588 1438 id
1619 1398 1830 1458 genus,
1857 1378 2189 1437 Poetarum

379 1499 634 1538 numero
665 1479 1081 1556 excerpendos
1113 1497 1246 1538 esse
1276 1480 1470 1537 aiunt.

469 1577 622 1636 Haec
653 1585 716 1636 et
747 1578 969 1637 similia
999 1578 1048 1636 si
1080 1568 1214 1655 quis
1245 1579 1503 1657 ingerat,
1534 1577 1624 1635 ita
1664 1577 1792 1636 fere
1831 1596 2189 1654 responsum

380 1678 438 1735 ei
507 1677 731 1736 velim:
805 1678 1089 1754 primum,
1155 1698 1280 1736 non
1351 1678 1441 1736 ita
1504 1676 1663 1735 bene
1719 1676 2016 1752 judicare,
2086 1676 2190 1753 qui

381 1784 510 1836 tam
549 1778 794 1854 penitus
834 1778 911 1836 ab
955 1778 1120 1836 omni
1149 1778 1426 1856 graviore
1466 1776 1692 1837 affectu
1720 1776 1887 1834 limae
1917 1775 2190 1834 laborem

381 1885 446 1936 et
482 1895 717 1935 moram
765 1878 1063 1956 sejungat.
1155 1877 1321 1947 Quid
1361 1879 1527 1936 enim
1575 1877 1797 1954 saepius
1844 1895 1959 1934 usu
2005 1876 2190 1945 venit,

380 1976 598 2035 animis
642 1977 935 2054 majorem
975 1977 1040 2057 in
1080 1977 1335 2035 modum
1381 1977 1722 2046 commotis,
1761 1995 1944 2053 quam
1983 1982 2056 2033 ut
2101 1995 2190 2044 66,

381 2095 514 2152 quae
572 2075 730 2133 forte
783 2076 1132 2153 scripserint
1184 2076 1481 2145 homines,
1531 2076 1757 2133 iterum
1804 2081 2027 2152 putent
2078 2074 2194 2133 ite-

380 2194 640 2251 rumque
680 2174 1042 2253 relegenda3
1089 2175 1341 2254 singulis
1377 2194 1549 2252 paene
1581 2175 1780 2233 verbis
1820 2173 2192 2244 inhaereant3

380 2275 679 2342 minuant,
729 2281 1015 2352 augeant,
1059 2274 1393 2333 immutent
1445 2274 1688 2343 omnia;
1742 2272 1913 2331 nulla
1956 2272 2193 2331 ratione

382 2374 527 2433 satis
558 2374 672 2433 sibi
701 2373 1030 2451 placeant?

499 2472 759 2542 Deinde,
814 2473 976 2549 quod
1037 2473 1252 2551 saepius
1323 2473 1568 2531 evenire
1633 2472 1825 2540 aiunt,
1885 2477 1957 2529 ut
2018 2468 2194 2547 Epici

381 2571 698 2651 Tragicive
751 2572 1033 2631 carminis
1093 2578 1525 2650 argumentum
1578 2571 1655 2630 ab
1708 2570 1840 2648 ipso
1901 2568 2195 2646 scriptore

381 2671 733 2751 longissime
775 2672 853 2729 sit
884 2672 1293 2749 disjunctum:
1339 2691 1464 2729 non
1503 2670 1684 2747 plane
1724 2668 2030 2728 nescimus
2062 2687 2195 2743 quae

383 2772 507 2829 sint
535 2771 877 2828 animorum
908 2770 1226 2848 contagia3
1267 2788 1450 2846 quam
1482 2767 1635 2826 nihil
1665 2767 1907 2825 intersit
1937 2767 2193 2845 generis,

382 2871 694 2947 temporis,
724 2870 862 2939 loci,
905 2877 1231 2947 postquam
1277 2867 1467 2927 semel
1513 2874 1620 2926 aut
1655 2865 1996 2924 ridentibus
2040 2865 2197 2923 adri-

384 2969 653 3027 dendum
691 2976 799 3027 aut
834 2969 1125 3027 flentibus
1165 2967 1516 3026 adflendum
1560 2965 1803 3024 Natura
1833 2966 2192 3024 decreverit.

387 3068 580 3138 Num,
622 3068 726 3144 qui
769 3067 1026 3126 theatris
1080 3073 1426 3144 spectatum
1471 3066 1744 3134 veniunt,
1791 3066 2022 3124 tardius
2066 3065 2195 3123 irri-

386 3174 614 3235 tantur,
645 3166 1015 3236 mulcentur,
1046 3172 1371 3244 anguntur,
1403 3165 1691 3240 quoniam
1723 3163 1956 3222 scilicet
1986 3165 2061 3222 ad
2094 3183 2196 3222 eos

384 3267 538 3325 nihil
566 3267 872 3344 pertineat
903 3274 1010 3324 aut
1041 3265 1240 3324 Caesar
1269 3271 1375 3322 aut
1406 3263 1663 3339 OEdipus
1694 3269 1801 3320 aut
1833 3263 2102 3340 quisquis
2133 3264 2196 3320 in

385 3385 630 3425 scenam
671 3365 971 3443 prodeat?
1078 3365 1171 3424 Ut
1202 3384 1281 3422 ne
1323 3364 1420 3421 cui
1466 3363 1689 3419 mirum
1732 3380 1862 3419 esse
1901 3363 2194 3431 videatur,

384 3473 619 3524 actores
656 3466 816 3544 ipsos
848 3465 947 3524 vel
980 3465 1205 3524 Poetas
1244 3462 1395 3522 nihil
1437 3482 1474 3521 a
1515 3480 1579 3520 se
1619 3460 1887 3519 alienum
1929 3468 2193 3539 putasse,

385 3567 548 3644 quod
579 3565 858 3645 flagranti
888 3565 1092 3623 animo
1123 3563 1283 3622 foret
1313 3561 1601 3621 subsidio,

396 3675 400 3678 ’
473 3664 792 3724 Postremo
830 3684 908 3723 ne
949 3665 1025 3723 ad
1066 3663 1452 3742 physicorum
1491 3665 1688 3719 castra
1717 3658 2027 3738 relegandi
2069 3659 2191 3719 sint
