2320 4126
313 168 426 222 216
704 170 966 224 Divinum
992 191 1027 225 α
1040 174 1223 244 procis
1245 175 1421 244 sperni
1446 176 1704 229 nuntium.
1802 195 1962 231 PRAEL.
1991 194 2107 229 xm.

320 319 580 379 Perinde
610 321 780 397 quasi
811 321 988 389 dicat,
1020 320 1251 379 nullam
1282 321 1527 379 omnino
1558 322 1951 380 metuendam
1985 342 2113 381 esse

319 418 590 477 Deorum
621 420 1027 497 praesentiam,
1057 429 1377 496 propterea
1406 421 1568 496 quod
1601 422 1819 497 saepius
1861 422 2112 490 accidat,

315 525 386 576 ut
459 538 594 576 eam
668 520 848 577 certis
921 519 1157 576 indiciis
1217 519 1666 595 deprehendere
1726 539 2113 597 nequeamus

316 616 479 686 Quid
533 619 694 694 quod
754 618 967 675 eadem
1021 618 1211 675 ferme
1259 618 1445 686 addit,
1497 639 1628 695 quae
1675 620 1751 677 ad
1804 619 2114 678 fastidium

316 737 507 794 usque
561 724 836 794 repetere
887 715 1084 774 solent
1137 717 1473 775 etiamnum
1526 718 1798 776 veritat-is
1849 718 2112 787 inimici3

315 835 535 895 nempe
580 816 859 876 mercede
903 814 1031 875 sola
1074 816 1391 897 pretioque
1436 835 1652 878 canere
1696 836 1876 878 omne
1924 835 2117 874 sacer-

313 916 527 974 dotum
559 914 791 993 genus?

558 1035 627 1094 σῷ
649 1031 753 1094 οἴκῳ
775 1032 917 1090 δῶρον
936 1031 1250 1091 ποτιδέγμενος
1256 1067 1597 1080 ............

392 1130 615 1190 Postea
645 1151 786 1189 vero
817 1132 981 1189 idem
1014 1130 1433 1208 Eurymachus
1462 1132 1755 1210 propioris
1774 1132 1905 1208 jam
1937 1133 2111 1191 exitii

315 1239 534 1300 vatem,
567 1231 1102 1308 Theoclymenum,
1135 1249 1275 1288 cum
1307 1230 1428 1289 risu
1459 1238 1642 1307 atque
1675 1231 1818 1308 joco
1849 1232 2110 1309 excipit:

310 1351 443 1407 quae
475 1330 692 1389 ultima
722 1338 814 1388 est
847 1329 1283 1407 Epicureorum
1314 1330 1630 1388 hominum
1662 1331 1831 1390 ratio,
1913 1331 2114 1401 Quem

312 1430 514 1488 locum
552 1432 603 1489 si
642 1432 949 1509 integrum
982 1429 1370 1506 exscripser0‚
1402 1450 1527 1487 non
1557 1430 1662 1488 abs
1693 1451 1757 1488 re
1787 1430 1916 1489 fore
1950 1431 2115 1508 judi-

312 1533 478 1590 cavi:
535 1551 675 1590 cum
721 1531 1058 1608 praesertim
1105 1550 1177 1587 eo
1216 1528 1363 1586 nihil
1412 1530 1915 1608 magnificentius,‚
1960 1530 2114 1588 nihil

311 1638 691 1690 sacrosancta
734 1630 1053 1688 formidine
1098 1628 1336 1707 plenius
1379 1628 1603 1690 habeat
1649 1630 1774 1688 sive
1820 1628 2113 1711 Odysseia

311 1732 438 1790 sive
468 1732 597 1809 ipsa
627 1730 823 1789 IliasP.

553 1882 957 1896 ..............
972 1850 1224 1907 μνηστῆρσι
1247 1847 1295 1892 δὲ
1316 1848 1505 1894 Παλλὰς
1522 1846 1684 1905 Ἀθήνη

553 1922 783 1974 ἄσβεστον
802 1922 924 1983 γέλω
946 1922 1081 1982 ὦρσε,
1103 1922 1418 1982 παρέπλαγξεν
1439 1922 1487 1966 δὲ
1509 1924 1661 1981 νόημα.

551 1998 591 2041 οἶ
612 1998 639 2042 δ
671 1998 753 2056 ἤδη
774 1997 1014 2057 γναθμοισι
1033 1995 1222 2056 γελοίων
1241 1996 1563 2055 ἀλλοτρίοισιν·

550 2074 859 2132 αἱμοφόρυκτα
881 2072 929 2117 δὲ
952 2072 1003 2129 δὴ
1027 2072 1131 2131 κρέα
1152 2069 1384 2129 ἤσθιον·”
1359 2090 1476 2116 οσσε
1497 2070 1535 2116 δ’
1558 2070 1644 2131 ἄρα
1666 2071 1823 2131 σφέων

551 2145 796 2205 δακρυόφιν
815 2145 1083 2203 πίμπλαντο·
1118 2147 1224 2205 γόον
1246 2144 1283 2190 δ’
1309 2141 1435 2192 ὠΐετο
1458 2145 1609 2203 θυμός.

546 2221 667 2263 τοῖσι
689 2217 737 2262 δὲ
759 2219 830 2263 καὶ
850 2219 1050 2276 μετέειπε
1074 2217 1376 2277 Θεοκλύμενος
1398 2217 1606 2275 θεοειδής.

550 2292 578 2337 ἃ
599 2294 755 2346 δειλοὶ,
778 2293 820 2337 τὶ
842 2294 973 2338 κακὸν
994 2293 1096 2337 τόδε
1116 2294 1318 2351 πάσχετε
1334 2311 1347 2346 ;
1381 2293 1500 2338 νυκτὶ
1521 2292 1601 2350 μὲν
1621 2291 1764 2349 ὑμέων

549 2365 745 2412 εἰλύαται
766 2367 963 2426 κεφαλαί
982 2386 1029 2412 τε
1049 2368 1271 2426 πρόσωπά
1292 2386 1354 2420 τε,
1378 2366 1503 2426 νέρθε
1524 2386 1573 2411 τε
1593 2369 1744 2426 γοῦνα·

550 2439 788 2500 οἷμωγὴδὲ
810 2439 953 2498 δέδηε,
978 2440 1261 2500 δεδάκρυνται
1283 2440 1331 2485 δέ
1351 2440 1541 2498 παρειαί·

549 2513 697 2573 αἵματι
714 2514 752 2559 δ’
767 2513 1010 2574 ἐ’ῤῥάδαται
1032 2517 1191 2574 τοῖχοι,
1214 2515 1346 2559 καλαί
1367 2510 1415 2560 τε
1435 2513 1671 2572 μεσόδμαι·
1686 2515 1694 2521 ’

548 2590 742 2634 εἰδώλων
764 2590 813 2634 δέ
833 2589 974 2635 πλέον
994 2590 1232 2648 πρόθυρον,
1248 2590 1379 2646 πλείη
1403 2588 1450 2633 δὲ
1473 2589 1544 2633 καὶ
1565 2588 1693 2646 αὐλὴ,

551 2662 998 2722 ἱεμένων”Ερεβόσδε
1018 2664 1103 2708 ὑπὸ
1128 2663 1281 2722 ζόφον·
1315 2661 1466 2720 ἠέλιος
1487 2663 1535 2707 δὲ

550 2738 736 2796 οὐρανοῦ
758 2738 1033 2795 ἐξαπόλωλε,
1057 2737 1162 2795 κακὴ
1185 2736 1223 2782 δ’
1246 2737 1533 2796 ἐπιδέδρομεν
1553 2735 1710 2796 ἀχλύς.

307 2835 538 2895 Videre
597 2835 697 2893 hic
756 2835 908 2893 mihi
969 2836 1178 2893 videor
1227 2836 1395 2911 quasi
1449 2836 1725 2912 quaedam
1783 2834 2111 2912 primordia

306 2934 615 3012 AEschylei
655 2934 818 2992 illius
861 2935 1156 3004 horroris;
1205 2934 1554 2993 Cassandrae
1599 2934 1830 2993 scilicet
1875 2941 1939 2991 et
1984 2933 2112 2991 Eu-

305 3033 620 3091 menidum
682 3033 967 3091 vaticinia
1031 3032 1182 3090 nihil
1248 3033 1413 3091 aliud
1487 3052 1666 3111 agere
1730 3032 2107 3100 crediderim,

307 3152 489 3208 quam
549 3138 620 3190 ut
678 3131 927 3191 liberius
985 3152 1055 3190 ac
1113 3131 1351 3208 plenius
1410 3132 1770 3208 exprimant,
1820 3151 1952 3208 quae
2010 3130 2109 3188 hic

305 3232 564 3290 strictim
595 3231 804 3308 attigit
835 3230 1161 3291 Homerus,
1215 3229 1453 3290 Verum
1484 3230 1561 3290 ad
1591 3230 2109 3309 Theoclymenum

306 3331 676 3390 redeamusq.

548 3434 606 3478 ὣς
627 3431 773 3491 ἔφαθ’·
808 3433 850 3476 οἶ
873 3431 909 3476 δ’
932 3431 1018 3491 ἄρα
1037 3433 1198 3479 πάντες
1218 3431 1284 3477 ἐπ’
1309 3432 1424 3494 αὐτῷ
1447 3431 1528 3489 ἡδὺ
1548 3431 1803 3492 γέλασσαν·

550 3508 696 3551 τοῖσιν
717 3505 755 3550 δ’
780 3504 1057 3565 Εὐρύμαχος,
1082 3505 1298 3560 Πολύβου
1318 3508 1436 3558 παῖς,
1458 3504 1557 3565 ἦρχ’
1580 3505 1822 3566 ἀγορεύειν·

549 3615 567 3644 1'
602 3608 692 3653 Od.
716 3624 792 3652 xx.
816 3620 920 3666 345.
1611 3615 1627 3641 ‘³
1660 3624 1735 3652 ΧΧ.
1760 3607 1864 3665 358.
