2320 4126
195 266 357 306 munt„
378 264 466 298 xv.
495 241 828 313 Expenditw
843 238 1055 294 Horatii
1075 234 1279 299 dictam,
1296 235 1357 286 de
1383 234 1485 286 Dei
1509 234 1805 286 interventu.
1832 229 1940 285 ⁴253

195 392 373 448 etiam
404 386 611 460 reliqui
642 385 984 441 Ithacenses
1013 381 1096 437 rei
1126 378 1561 454 quodammodo
1583 375 1942 434 tenebantur

195 485 426 543 offensae
455 481 803 554 violataeque
832 478 1010 554 regiae
1042 476 1269 532 domus,

279 576 475 643 Quare
505 573 606 647 qui
636 572 781 629 velit
812 571 1159 646 Odysseiam
1188 567 1492 626 nominare
1527 585 1604 624 ex
1642 567 1943 642 proposito

196 670 385 746 operis
434 668 709 735 universi,
757 667 1077 724 videndum
1133 684 1209 722 an
1259 665 1309 721 is
1364 681 1485 720 non
1540 662 1697 720 male
1755 681 1945 720 sacro-

195 772 467 824 sanctum
510 765 778 821 nominet
820 780 1073 827 carmen,
1115 761 1332 836 quippe
1376 760 1542 840 cujus
1582 766 1711 816 tota
1750 760 1837 816 vis
1876 778 1944 816 ac

197 863 374 922 series
404 880 481 917 ex
510 879 627 917 una
650 859 915 917 Deorum
945 856 1228 934 religione
1257 857 1512 932 pendere
1545 855 1827 913 videatur.

117 952 119 954 ’
279 955 477 1014 Venio
520 972 678 1011 nunc
722 954 797 1010 ad
843 953 1100 1009 rationes
1146 951 1488 1025 modosque,
1533 969 1784 1024 quorum
1835 967 1947 1023 ope

197 1052 272 1110 -ad
324 1051 505 1107 finem
551 1049 741 1116 illum,
793 1048 958 1123 quasi
1005 1047 1078 1104 ad
1128 1054 1367 1122 portum
1418 1045 1693 1120 aliquem,
1741 1062 1948 1120 perve-

200 1149 412 1204 niatur.
501 1146 635 1214 Quo
705 1146 764 1201 in
838 1144 967 1200 loco
1035 1143 1183 1199 illud
1250 1143 1472 1198 nemini
1531 1161 1649 1199 11011
1707 1142 1819 1197 erit
1886 1141 1948 1196 in

199 1248 516 1322 promptu3
578 1241 741 1298 nulla
783 1259 1044 1316 unquam
1088 1239 1361 1296 carminis
1403 1238 1578 1313 hujus
1620 1243 1788 1312 parte
1830 1255 1951 1292 non

199 1341 404 1400 adesse
433 1338 949 1413 praesentissimum
982 1335 1228 1392 Numen
1253 1354 1268 1403 ;
1314 1335 1510 1391 omnia
1537 1353 1658 1390 non
1686 1340 1810 1390 tam
1845 1351 1952 1407 per

203 1435 478 1511 Ulyssem
523 1442 585 1492 et
626 1432 1046 1490 Telemachum
1076 1449 1255 1506 quam
1290 1449 1396 1505 per
1426 1429 1761 1486 Minervam
1791 1429 1950 1505 geri3

202 1533 327 1608 ejus
350 1531 535 1589 veluti
560 1529 764 1587 tutelae
788 1525 1082 1585 committi
1108 1526 1203 1583 vel
1221 1526 1296 1583 ab
1318 1526 1488 1582 initio
1509 1523 1785 1600 Ulyssem
1815 1543 1953 1581 cum

201 1627 356 1694 suis;
399 1643 592 1700 neque
621 1623 744 1680 ulla
782 1624 843 1679 in
882 1629 1049 1697 parte
1081 1620 1272 1698 operis
1301 1620 1424 1677 ulla
1453 1618 1735 1696 religione
1764 1616 1954 1674 teneri

205 1722 585 1797 Scriptorem,
616 1721 757 1795 quin
787 1719 950 1776 illam
981 1719 1224 1775 inducat
1265 1719 1339 1774 de
1367 1717 1543 1774 rebus
1583 1734 1788 1772 eorum
1818 1713 1957 1772 soli-

204 1820 403 1886 citam,
434 1819 749 1884 interdum,
781 1817 828 1873 si
859 1816 976 1872 fors
1005 1816 1090 1872 ita
1118 1814 1339 1882 tulerit,
1370 1813 1543 1889 plane
1573 1810 1926 1869 leviusculis.

293 1915 589 1989 Equidem
634 1914 864 1988 quoties
915 1913 1262 1988 Odysseiam
1312 1911 1529 1987 relego,
1572 1928 1828 1976 mecum,
1874 1907 1958 1964 fa-

212 2019 361 2080 teor,
393 2010 552 2068 soleo
583 2010 796 2078 mirari,
827 2027 1082 2084 quonam
1115 2007 1369 2066 Poeseos
1399 2007 1523 2065 fato
1563 2005 1858 2072 acciderit,
1888 2010 1959 2062 ut

206 2115 300 2165 tot
343 2109 653 2166 doctorum
697 2106 956 2163 virorum
1001 2104 1213 2162 saecula
1255 2111 1380 2162 tam
1421 2103 1593 2162 facile
1627 2102 1959 2178 juraverint

209 2199 273 2260 in
306 2203 704 2261 Horatianum
733 2202 901 2269 illud,

442 2317 537 2362 Nec
560 2318 685 2362 Deus
706 2318 897 2371 intersit,
919 2318 1007 2362 nisi
1024 2317 1188 2376 dignus
1207 2316 1381 2362 vindice
1401 2315 1548 2360 nodus

448 2389 683 2434 Inciderit:

206 2494 533 2568 ‘praesertim
576 2511 711 2550 cum
763 2492 1087 2549 eorundem
1127 2491 1355 2566 judicio
1406 2509 1525 2546 non
1576 2489 1813 2546 aliunde
1864 2508 1965 2564 pe-

212 2589 395 2646 tenda
438 2589 555 2646 sint
599 2589 927 2646 carminum
973 2589 1383 2665 fingendorum
1434 2593 1741 2662 praecepta,
1788 2604 1964 2660 quam

214 2685 290 2742 ab
320 2686 458 2759 ipsis
487 2704 838 2761 magnorum
867 2691 1179 2760 poetarum
1219 2683 1593 2740 carminibus,
1681 2681 1776 2757 Ac
1820 2683 1966 2739 scire

217 2780 414 2848 velim,
458 2799 711 2855 quanam
755 2799 831 2836 ex
875 2787 1043 2856 parte
1090 2779 1546 2836 Homericorum
1598 2798 1660 2836 se
1705 2779 1967 2836 hausisse

215 2877 458 2933 credant
514 2877 712 2933 nobile
770 2876 918 2933 illud
975 2876 1344 2954 ἀπόφθεγμα.
1433 2875 1630 2934 Video
1689 2882 1850 2932 certe
1907 2876 1969 2931 in

220 2974 505 3050 Odysseia
545 2973 882 3031 Minervam
914 2973 1112 3049 Ulyssi
1143 2991 1374 3048 semper
1408 2972 1562 3039 addi,
1592 2972 1969 3028 minimarum

217 3089 455 3146 quoque
494 3090 691 3128 rerum
733 3071 1063 3128 ministram
1111 3076 1172 3126 et
1215 3069 1582 3145 adjutricem.
1665 3067 1826 3124 Hinc
1868 3067 1971 3123 illa

219 3168 398 3225 toties
426 3168 678 3242 repetita
707 3168 781 3224 de
809 3166 1123 3241 Penelope,
1154 3166 1373 3222 somnis
1402 3165 1662 3221 leniente
1692 3171 1928 3231 curasm,

457 3279 500 3324 ἐς
521 3277 557 3322 δ’
580 3278 734 3336 ὑπερῶ’
758 3278 960 3332 ἀναβᾶσα
981 3279 1063 3323 σὺν
1082 3278 1376 3335 ἀμφιπόλοισι
1396 3277 1589 3334 γυναιξίν

459 3351 604 3394 κλαῖεν
624 3349 753 3394 ἔπειτ’
775 3349 971 3407 Ὀδυσῆα
991 3350 1127 3407 φίλον
1146 3351 1294 3400 πόσιν,
1315 3347 1437 3405 ὄφρα
1456 3349 1498 3390 οἱ
1517 3346 1650 3392 ὕπνον

459 3419 560 3476 ἡδὺν
581 3420 652 3464 ἐπὶ
671 3423 941 3480 βλεφάροισι
961 3422 1075 3474 βάλε
1095 3422 1344 3478 γλαυκῶπις
1361 3417 1534 3474 Ἀθήνη.

615 3584 643 3602 *²¹
677 3577 766 3621 Od.
790 3579 819 3622 i.
842 3578 927 3635 362
943 3596 957 3630 ;
990 3579 1080 3622 xix.
1103 3578 1188 3621 602
1204 3595 1218 3629 3
1250 3578 1340 3621 xxi.
1363 3577 1479 3635 3563
1510 3577 1591 3621 διο.
