2320 4126
0 1808 31 2093 aqfflsskffizwmifaae
3 1777 23 1793 {¹-
7 1740 19 1761 -·-
5 1665 22 1715 ’νει
7 1638 22 1656 υ

246 236 407 271 -PRAEL.
421 238 572 272 -xv111.
672 238 806 274 mmo
828 222 1023 274 acuerit
1046 238 1180 274 nuno
1202 222 1511 292 mitiyaverit
1535 225 1713 277 Poeta.
1898 227 2009 282 329

605 360 749 407 θοαῖς
778 361 1026 418 ἁμιλλαῖς
1055 361 1256 420 προσέβα

603 434 727 482 τόνδε
746 434 900 492 πάγον,
920 433 1120 496 πατρῴας

602 505 729 563 μόγις
747 506 1022 564 παρείπουσα
1041 507 1217 565 φρενάς·

603 578 987 634 κραιπνόφοροι
1018 576 1074 620 δέ
1102 576 1143 633 μ’
1177 577 1411 635 ἔπεμψαν
1442 577 1610 636 αὖραι,

337 672 476 730 Huc
523 675 703 738 etiam
745 677 959 742 adduci
999 678 1218 754 poterit
1266 678 1560 738 cantilena
1599 698 1801 743 earum
1844 679 2005 756 prius

247 769 498 838 laudata,

596 871 666 915 καὶ
686 876 759 916 νῦν
779 872 961 934 ε’λάφρῳ
980 874 1083 918 ποδὶ
1103 876 1432 932 κραιπνόσυτον,
1457 893 1495 919 κ.
1517 894 1557 919 τ.
1579 876 1624 925 λ,

246 969 488 1055 Rursus,
518 973 879 1034 adventante
911 976 1216 1035 Oceanoe:

596 1117 681 1177 ἥκω
703 1118 881 1175 δολιχῆς
900 1118 1034 1176 τέρμα
1055 1119 1260 1170 κελεύθου

596 1189 934 1247 διαμειψάμενος
952 1194 1061 1250 πρός
1080 1211 1152 1244 σε,
1174 1192 1422 1250 Προμηθεῦ,

596 1262 672 1306 τ’ὸν
690 1265 941 1320 πτερυγὼκη
963 1263 1076 1308 τόνδ’
1100 1262 1250 1312 οἵωνον

595 1335 757 1391 γνώμῃ,
780 1336 971 1393 στομίων
993 1335 1109 1393 ἄτερ,
1132 1335 1334 1381 εὐθύνων.

245 1437 451 1514 Atque
481 1441 679 1510 etiam,
711 1445 921 1502 eodem
953 1445 1213 1503 abeunte
1226 1441 1258 1509 f,

592 1577 748 1636 λεύρον
766 1579 851 1638 γὰρ
872 1578 994 1635 οἵμον
1014 1580 1184 1637 αἰθέρος
1203 1580 1358 1638 ψαίρει
1378 1583 1554 1638 πτεροῖς

592 1652 883 1709 τετρασκελὴς
903 1651 1063 1700 οἵωνος.

325 1765 689 1824 Crediderim
719 1769 1065 1846 AEschylum
1095 1770 1431 1828 adhibuisse
1468 1770 1594 1827 haec
1630 1770 1844 1837 omnia,
1874 1788 1994 1826 non

237 1867 362 1918 tam
392 1870 534 1931 arte,
566 1885 743 1940 quam
778 1868 1062 1927 instinctu
1093 1868 1364 1942 quodam,
1397 1866 1555 1942 quali
1586 1866 1686 1941 qui
1729 1872 1994 1932 utuntur,

237 1961 537 2018 verissime
587 1974 816 2038 ponunt
862 1972 1003 2021 ante
1055 1964 1256 2022 oculos
1300 1963 1778 2020 molestissimam
1828 1962 1993 2019 illam

237 2056 472 2113 vivendi
509 2058 569 2114 in
613 2060 782 2117 terris
833 2060 1254 2127 conditionem,
1297 2059 1456 2134 quod
1506 2060 1548 2115 ii
1589 2078 1840 2133 quoque,
1889 2059 1992 2132 qui

234 2153 425 2209 amice
469 2155 543 2211 ad
575 2155 730 2212 mala
773 2156 1022 2214 levanda
1064 2176 1191 2214 sese
1235 2156 1570 2232 accingunt,
1603 2155 1802 2212 nescio
1847 2173 1994 2228 quo-

232 2252 410 2307 modo
439 2251 666 2309 soleant
696 2255 902 2311 eadem
934 2273 1011 2310 ex
1044 2254 1156 2310 hac
1179 2253 1275 2310 vel
1305 2272 1382 2309 ex
1412 2252 1515 2309 illa
1544 2259 1712 2327 parte
1742 2269 1954 2308 acuere
1979 2269 1991 2306 :

232 2364 350 2401 non
379 2347 619 2415 incuria,
651 2349 754 2407 sed
783 2350 910 2425 ipsa
939 2369 1138 2406 rerum
1165 2349 1561 2406 humanarum
1592 2355 1769 2405 sorte.

317 2441 438 2499 Sed
482 2444 543 2499 in
588 2463 658 2501 eo
702 2447 1093 2511 versabamur,
1139 2451 1207 2501 ut
1259 2445 1720 2510 ostenderemus,
1776 2442 1993 2518 quibus

229 2540 600 2613 potissimum
644 2541 881 2608 solatiis,
927 2562 1042 2617 qua
1085 2561 1187 2617 spe
1233 2541 1597 2598 mulceretur
1639 2540 1793 2614 apud
1859 2539 1995 2596 AEs-

230 2635 470 2710 chylum
502 2636 843 2694 Promethei
876 2631 1058 2694 dolor.
1146 2636 1242 2693 Ac
1278 2637 1537 2712 primum
1568 2636 1808 2711 quidem
1837 2634 1987 2691 illud

228 2752 348 2790 non
391 2732 539 2802 leve,
584 2736 741 2809 quod
785 2735 832 2790 is
877 2753 952 2790 ex
997 2734 1158 2791 omni
1200 2740 1370 2809 parte
1413 2733 1482 2788 fit
1527 2732 1744 2788 certior
1786 2750 1989 2788 secum

226 2831 460 2898 sentire,
506 2849 727 2905 suaque
766 2830 922 2887 mala
975 2829 1295 2905 deplorare,
1348 2836 1478 2885 tum
1524 2826 1805 2884 mortales
1856 2833 1988 2883 tum

226 2926 558 2982 daemonum
616 2944 818 3002 genus,
870 2927 1195 3002 ipsamque,
1256 2932 1324 2982 ut
1377 2926 1462 2982 ita
1519 2925 1729 2991 dicam,
1790 2942 1987 2980 rerum

223 3029 513 3080 naturam.
623 3021 995 3090 Promethea,
1041 3022 1301 3097 inquam,
1347 3020 1616 3077 vinctum
1675 3018 1986 3094 deplorant

225 3114 464 3183 omnia;
524 3138 644 3175 non
679 3118 870 3176 solum
911 3119 1065 3195 grati
1111 3119 1292 3175 animi
1335 3135 1526 3184 causa,
1563 3121 1807 3190 propter
1834 3133 1986 3189 prae-

225 3214 381 3271 clara
431 3216 555 3289 ejus
605 3215 910 3285 beneficia,
963 3217 1170 3272 verum
1226 3215 1408 3271 etiam
1460 3218 1774 3287 propterea
1825 3211 1983 3285 quod

224 3312 435 3368 acerbo
466 3318 528 3368 et
566 3313 780 3368 immiti
822 3312 989 3369 Jovis
1029 3311 1276 3386 imperio
1319 3315 1625 3367 vexantur.
1713 3306 1785 3362 Id
1825 3307 1983 3381 quod

218 3415 424 3483 ‚aperte
470 3428 591 3483 prae
640 3427 701 3464 se
752 3409 950 3464 ferunt
1004 3406 1317 3482 Nymphae,
1360 3410 1664 3462 narrantes
1715 3401 1984 3459 Atlantis

515 3563 535 3587 θ
567 3557 709 3607 Prom.
739 3569 838 3613 292.
972 3620 975 3621 γ
1078 3607 1084 3610 ¹
1428 3551 1445 3588 ‚f
1474 3552 1585 3596 Ibid.
1609 3564 1710 3607 402.
1760 3600 1764 3603 ¹
