2320 4126
377 232 486 286 174
787 233 1138 301 Comparantur
1163 231 1392 284 Achilles
1416 250 1530 284 cum
1569 232 1624 284 U
1620 232 1761 301 lys-se.
1915 252 2075 287 PRAEL.
2100 254 2175 287 xx.

377 398 509 454 quae
538 377 927 435 tradidissent
959 385 1211 446 vetereS‚
1245 378 1464 453 quibus
1494 377 1834 436 auscultare
1869 378 2175 438 Homerus

377 477 606 545 debuit.
726 476 1291 552 Quomodocunque
1349 495 1414 534 se
1467 495 1540 533 ea
1587 494 1683 534 res
1734 476 1975 547 habeat,
2030 498 2178 555 prae-

375 576 698 634 sentissimi
746 583 911 633 certe
956 576 1182 653 ingenii
1228 586 1321 633 est
1365 575 1472 633 illa
1514 574 1848 634 dubitantis
1887 577 1951 634 in
1995 596 2177 654 specu

376 674 732 733 deliberatio
743 682 785 731 θ.

621 818 841 829 ........
858 784 952 828 ἕπει
975 783 1179 844 Κύκλωψ
1198 783 1396 844 μεγαλὴν
1417 782 1678 841 ἐμπλήσατο
1701 785 1844 842 νηδὺν,

617 858 837 917 ἀνδρόμεα
860 856 949 916 κρέ’
972 858 1096 911 ἔδων,
1120 857 1190 903 καὶ
1213 857 1278 903 ἐπ’
1301 857 1490 917 ἄκρητον
1510 858 1630 917 γάλα
1649 858 1799 912 πίνων,

621 930 722 976 κεῖτ’
746 931 919 976 ἔντοσθ’
943 931 1118 991 ἄντροιο
1139 933 1472 990 τανυσσάμενος
1493 931 1565 976 διὰ
1584 930 1751 989 μήλων·

619 1007 696 1050 τὸν
716 1006 796 1063 μὲν
818 1005 904 1065 ἐγὼ
925 1005 1155 1059 βούλευσα
1177 1007 1286 1052 κατὰ
1307 1005 1589 1066 μεγαλήτορα
1611 1006 1762 1065 θυμὸν,

620 1075 769 1122 ἆσσον
790 1077 881 1130 ἷὼν,
905 1078 1040 1138 ξίφος
1061 1079 1140 1137 ὀξὺ
1162 1079 1465 1138 ἐρυσσάμενος
1484 1079 1603 1138 παρὰ
1623 1081 1778 1138 μηροῦ,

618 1150 848 1207 οὐτάμεναι
868 1152 980 1210 πρὸς
1001 1152 1179 1209 στῆθος,
1202 1151 1273 1197 ὅθι
1294 1152 1456 1212 φρένες
1476 1151 1592 1211 ἧπαρ
1615 1152 1812 1210 ἔχουσιν,

616 1223 728 1284 χεῖρ’
752 1225 1123 1284 ἐπιμασσάμενος·
1158 1226 1306 1286 ἕτερος
1328 1227 1379 1272 δέ
1396 1247 1451 1286 με
1473 1227 1609 1284 θυμὸς
1629 1227 1793 1285 ἔρυκεν·

618 1299 752 1343 αὐτοῦ
773 1299 859 1358 γάρ
883 1317 930 1344 κε
951 1300 1021 1344 καὶ
1043 1299 1180 1358 ἄμμες
1201 1300 1451 1359 ἀπωλόμεθ’
1475 1300 1604 1345 αἷπὺν
1625 1298 1828 1359 ὄλεθρον·

619 1373 671 1418 οὗ
691 1372 778 1432 ’γάρ
800 1392 872 1418 κεν
894 1374 1146 1433 δυνάμεσθα
1168 1374 1340 1434 θυράων
1359 1375 1580 1435 ὑψηλάων

617 1448 778 1507 χερσὶν
798 1447 1067 1494 ἀπώσασθαι
1087 1449 1216 1494 λίθον
1236 1448 1438 1509 ὄβριμον,
1463 1448 1513 1495 ὃν
1532 1448 1826 1507 προσέθηκεν.

380 1580 591 1656 Atque
628 1579 757 1638 haec
789 1599 862 1638 eo
893 1580 1182 1640 libentius
1212 1581 1412 1651 afferO,
1445 1583 1605 1659 quod
1644 1603 1716 1642 ea
1758 1602 1880 1641 non
1928 1583 2180 1641 obscure

380 1679 620 1755 sapiunt
652 1685 969 1737 actuosum
1000 1679 1151 1737 illud
1182 1679 1461 1737 narrandi
1490 1698 1698 1761 genuS‚
1729 1679 1911 1738 toties
1945 1679 2075 1756 jam
2117 1680 2180 1736 in

381 1778 573 1836 Iliade
603 1777 936 1836 laudatum.
1029 1777 1314 1857 Ulyssem
1354 1785 1562 1837 autem
1602 1798 1724 1836 non
1763 1779 1944 1836 modo
1976 1786 2178 1837 metus

379 1897 588 1935 verum
643 1878 829 1936 etiam
879 1876 1100 1936 doloris
1151 1878 1372 1935 mirum
1424 1877 1489 1934 in
1538 1878 1787 1935 modum
1833 1884 2179 1955 compotem

380 1976 710 2035 ostendunt
750 1983 815 2035 et
851 1976 957 2034 illa
986 1977 1147 2054 apud
1180 1976 1430 2041 Inferos,
1464 1976 1570 2034 ubi
1604 1995 1669 2035 se
1709 1982 1966 2036 matrem
1998 1998 2181 2056 agno-

381 2077 535 2134 visse
565 2077 766 2148 refert,
798 2096 936 2153 quae
968 2095 1031 2134 se
1062 2077 1313 2134 absente
1345 2086 1407 2135 et
1438 2078 1647 2154 ignaro
1679 2076 2018 2136 decesserat
2037 2073 2092 2135 f:

622 2201 700 2258 τὴν
722 2200 833 2258 ζωὴν
854 2200 1127 2253 κατέλειπον,
1152 2200 1228 2245 ἷῶν
1251 2200 1313 2246 εἷς
1322 2198 1469 2245 Ἴλιον
1492 2199 1601 2259 ἷρὴν·

621 2274 700 2332 τὴν
719 2276 799 2332 μὲν
820 2275 907 2334 ἐγὼ
929 2275 1129 2332 δάκρυσα
1152 2273 1269 2326 ἰδὼν,
1293 2272 1461 2330 ἐλέησά
1482 2293 1531 2318 τε
1551 2273 1677 2334 θυμῷ
1684 2286 1694 2296 ·

622 2348 723 2393 ἀλλ’
746 2348 837 2394 οὐδ’
860 2350 918 2395 ὣς
938 2346 1038 2393 εἴων
1057 2347 1293 2407 προτέρην,
1315 2349 1494 2393 πυκινόν
1513 2365 1598 2406 περ
1619 2346 1804 2407 ἀχεύων,

627 2419 808 2479 αἵματος
829 2419 977 2466 ἆσσον
996 2420 1108 2478 ἴμεν,
1131 2418 1235 2479 πρὶν
1255 2421 1485 2479 Τειρεσίαο
1506 2420 1741 2466 πυθέσθαι.

470 2539 581 2598 Est
626 2547 689 2598 et
735 2541 852 2599 alia
882 2542 1156 2618 quaedam
1202 2561 1324 2598 non
1370 2539 1520 2598 levis
1551 2537 1810 2596 Achillis
1841 2545 1904 2596 et
1947 2537 2179 2616 Ulyssis

382 2638 736 2708 differentia,
769 2641 928 2717 quod
972 2640 1075 2699 ille
1118 2640 1286 2699 fatali
1319 2641 1377 2697 vi
1423 2646 1486 2697 et
1530 2638 1782 2716 imperio
1822 2638 2012 2695 totius
2042 2638 2180 2696 vitae

381 2756 623 2796 cursum
653 2740 893 2815 putavit
922 2741 1067 2818 regi,
1093 2740 1190 2797 cui
1223 2739 1568 2808 obsecutuS,
1592 2737 1720 2814 ipse
1751 2756 1814 2795 se
1846 2735 1980 2794 Diis
2010 2738 2178 2813 quasi

383 2835 676 2896 Manibus
729 2838 1043 2896 victimam
1098 2839 1444 2896 devoverat.
1542 2835 1718 2894 Nihil
1769 2854 2009 2913 prorsus
2056 2835 2179 2894 tale

383 2934 672 3012 Ulysses3
720 2937 1002 2996 universa
1046 2956 1140 2995 res
1185 2945 1278 2995 est
1323 2935 1556 2994 consilii
1601 2943 1664 2994 et
1709 2934 1987 2994 solertiae.
2078 2935 2181 2992 In-
2236 2985 2239 2987 Α

379 3042 607 3112 gruunt
643 3034 762 3094 alia
791 3055 970 3112 super
998 3036 1131 3095 aliis
1160 3037 1463 3114 pericula;
1495 3035 1599 3094 ille
1631 3055 1708 3093 ex
1740 3034 1989 3112 singulis
2020 3035 2179 3092 viam

381 3134 493 3192 sibi
525 3135 791 3212 expedit,
823 3155 933 3212 pro
973 3155 1035 3193 re
1066 3142 1227 3204 nata,
1266 3136 1569 3212 sapienter
1609 3153 1752 3192 sane
1788 3153 1858 3191 ac
1895 3141 2176 3192 strenue:

379 3253 488 3292 nos
536 3235 782 3292 interim
831 3235 1024 3292 securi
1077 3233 1370 3312 legimus3
1434 3232 1728 3292 sentimus
1781 3232 1944 3290 enim
2006 3233 2177 3290 exitu

318 3404 322 3408 ι
377 3333 630 3391 minime
662 3333 847 3391 dubio
878 3333 1003 3391 sive
1034 3334 1314 3410 navigare
1346 3352 1487 3390 eum
1518 3351 1625 3390 seu
1655 3330 1899 3389 insidias
1929 3338 2177 3388 struere.

464 3429 555 3488 Ut
608 3451 732 3488 uno
784 3432 969 3489 verbo
1023 3432 1238 3499 dicam,
1289 3430 1474 3488 Illum
1523 3431 1586 3487 in
1646 3429 1824 3487 rebus
1880 3428 2180 3505 prosperis

622 3659 637 3676 e
671 3651 762 3696 od.
784 3652 845 3696 ix.
870 3652 972 3710 296.
1731 3651 1749 3682 f
1778 3652 1839 3695 xi.
1862 3649 1935 3694 86.
