2320 4126
227 249 387 283 prum„
409 251 445 282 1.
750 230 1081 283 dubitationes
1104 238 1149 283 et
1171 249 1419 301 responsa.
1949 238 1984 287 5

228 382 509 450 praeterea
530 374 685 450 apud
717 374 1074 431 recentiores
1103 381 1234 430 tum
1259 393 1411 430 nova
1432 375 1702 449 quaedam
1728 375 1982 434 Poeseos

224 490 458 547 genera,
505 479 566 528 et
617 470 915 527 veteribus
966 469 1141 545 plane
1183 471 1501 547 incognita,
1548 478 1679 527 tum
1729 472 1792 528 in
1835 492 1982 529 uno-

225 586 459 642 quoque
515 586 731 643 genere
795 568 1084 625 infinitam
1144 568 1267 624 fere
1342 567 1751 642 exemplorum
1818 569 1978 635 vim3

226 681 412 736 eaque
457 682 592 719 cum
632 662 851 719 Graecis
898 670 960 720 et
1007 663 1235 720 Latinis
1278 663 1495 720 collata
1537 663 1692 719 clare
1735 683 1804 720 ac
1847 683 1979 739 per-

223 757 425 831 spicue
456 758 682 824 docere,
715 760 853 833 quid
882 760 943 816 in
979 760 1069 816 his
1098 761 1273 817 rebus
1302 768 1515 817 natura
1551 767 1975 834 comparatum,

223 854 364 928 quid
416 861 769 929 temporum,
822 855 1107 924 locorum,
1167 856 1476 912 hominum
1528 857 1605 912 sit
1654 855 1974 930 proprium.

225 947 499 1024 Denique
542 957 959 1026 argumentum
1004 970 1109 1025 per
1152 969 1214 1008 se
1254 951 1491 1008 difficile
1533 952 1795 1027 gratuita
1833 971 1977 1026 qua-

223 1043 359 1100 dam
391 1044 740 1102 difficultate
774 1045 1079 1112 cumulari,
1111 1047 1250 1102 dum
1294 1046 1554 1122 vestigiis
1590 1046 1839 1103 rudioris
1869 1048 1977 1103 aevi

222 1138 519 1197 obstinato
563 1141 760 1198 animo
803 1142 1158 1207 insistenteS‚
1197 1142 1507 1218 peregrino
1548 1149 1609 1198 et
1649 1161 1814 1217 paene
1847 1144 1973 1217 jam

221 1235 487 1292 obsoleto
534 1255 803 1293 sermone
850 1255 947 1293 eas
997 1255 1089 1294 res
1136 1238 1373 1293 tractari
1415 1238 1715 1312 jubemus
1765 1239 1976 1313 quibus

219 1343 283 1394 et
332 1337 616 1395 interesse
663 1339 945 1413 juniores,
999 1346 1061 1395 et
1120 1358 1256 1396 cum
1309 1339 1619 1415 voluptate
1675 1339 1975 1398 immorari

220 1433 508 1491 volumus,

303 1530 450 1589 Haec
472 1531 592 1590 illi:
638 1532 848 1607 quibus
868 1550 978 1608 ego
1001 1531 1086 1589 ita
1106 1550 1247 1589 sane
1271 1532 1750 1608 obtemperatum
1775 1533 1973 1602 velim,

216 1634 286 1685 ut
342 1648 418 1686 ne
469 1636 668 1687 tamen
714 1630 954 1687 omnino
1005 1628 1197 1687 exsilii
1249 1649 1425 1688 causa
1468 1630 1659 1711 solum
1711 1632 1972 1699 vertisse,

216 1735 397 1799 atque
443 1726 517 1782 ab
558 1724 887 1782 Academia
927 1726 1165 1801 penitus
1207 1727 1489 1802 migrasse
1534 1727 1848 1784 dicendum
1896 1730 1973 1785 sit

219 1818 428 1877 Musas
453 1820 712 1878 Latinas
773 1821 947 1889 Quod
970 1821 1238 1878 nonnihil
1260 1823 1651 1879 metuendum
1676 1824 1970 1880 existimo,

216 1935 352 1973 cum
393 1918 580 1974 indies
615 1917 690 1974 ab
734 1936 936 1974 earum
984 1918 1283 1992 provincia
1330 1918 1590 1975 deminui
1637 1918 1857 1994 aliquid
1902 1940 1971 1978 ac

215 2013 445 2069 detrahi
480 2014 745 2070 videamz
790 2021 859 2069 ut
897 2014 994 2069 vix
1015 2014 1143 2088 jam
1180 2033 1277 2071 eas
1313 2034 1433 2070 uno
1471 2015 1776 2090 alteroque
1813 2018 1968 2091 apud

214 2125 320 2164 nos
350 2108 548 2165 donari
582 2108 820 2183 praemio
850 2114 1083 2165 mutata
1117 2116 1387 2184 tempora
1415 2128 1726 2184 moresque
1756 2111 1967 2168 sinant.

214 2204 504 2278 Equidem
556 2206 695 2279 quid
748 2204 846 2261 alii
898 2204 1157 2261 sentiant
1205 2205 1438 2273 nescio;
1495 2205 1643 2261 mihi
1697 2213 1873 2273 certe,
1920 2207 1968 2263 si

212 2298 329 2355 illis
353 2300 701 2367 carebimus,
727 2300 1031 2375 aegerrime
1051 2300 1109 2356 id
1137 2300 1435 2356 videbitur
1457 2301 1802 2357 ferendum:
1849 2321 1967 2358 non

212 2394 389 2450 modo
418 2402 660 2470 propter
687 2395 924 2452 insitam
948 2413 1149 2451 earum
1174 2396 1544 2463 suavitatem,
1569 2397 1967 2471 intimumque

211 2488 375 2556 illud,
406 2509 522 2564 quo
563 2509 794 2566 semper
820 2491 1099 2566 gaudent,
1131 2509 1267 2546 cum
1309 2492 1470 2547 omni
1500 2490 1727 2548 liberali
1768 2494 1965 2549 studio

210 2588 652 2654 commercium,
682 2605 888 2643 verum
930 2588 1111 2643 etiam
1140 2586 1377 2643 honoris
1417 2605 1609 2654 causa,
1640 2588 1740 2661 qui
1781 2588 1966 2645 claro-

210 2699 342 2736 rum
398 2682 657 2737 virorum
707 2682 1108 2737 monumentis
1165 2681 1329 2738 nullo
1379 2700 1497 2737 non
1550 2689 1818 2757 tempore
1865 2685 1966 2741 de-

210 2775 417 2843 betur3
477 2796 681 2832 eorum
727 2777 874 2842 dico,
922 2794 1068 2850 quos
1113 2777 1414 2851 praestanti
1460 2777 1714 2853 ingenio,
1764 2787 1964 2837 nostra

209 2877 387 2944 atque
416 2878 650 2946 patrum
681 2872 982 2938 memoria,
1013 2871 1125 2927 hoc
1155 2872 1281 2946 ipso
1312 2890 1388 2928 ex
1418 2872 1549 2929 loco
1585 2876 1962 2933 concionatos
1995 2891 1997 2893 ·

209 2985 335 3023 3883
357 2967 628 3024 novimus
648 2986 662 3034 3
708 2986 959 3041 quorum
982 2966 1114 3023 libri
1136 2967 1197 3023 in
1219 2968 1492 3026 manibus
1516 2977 1653 3026 sunt
1676 2973 1959 3030 omnium.

210 3067 497 3119 Parumne
526 3063 840 3137 profecisse
880 3063 1172 3129 videntur,
1193 3063 1557 3130 Academici,
1590 3066 1802 3140 quibus
1841 3088 1959 3125 uno

196 3159 324 3233 jam
355 3158 566 3215 saeoulo
598 3159 685 3215 bis
715 3159 1045 3234 contigerit,
1077 3165 1146 3215 ut
1175 3178 1420 3215 aureum
1453 3179 1598 3235 opus
1626 3164 1958 3236 posteritati

207 3254 547 3311 traderent?
636 3254 754 3310 Sed
802 3255 875 3309 de
916 3255 1079 3321 viviS‚
1124 3257 1446 3330 praesertim
1495 3257 1713 3325 amicis,
1760 3266 1958 3316 tacen-

207 3351 349 3406 dum
393 3358 576 3425 puto:
629 3370 766 3407 nam
810 3351 974 3405 venit
1019 3349 1079 3405 in
1124 3357 1389 3407 mentem
1430 3354 1737 3410 sententiae
1781 3355 1953 3423 illius,

206 3445 240 3500 ὅ
261 3472 326 3502 τε
354 3444 590 3522 ξυνειδώς
625 3444 709 3501 καὶ
740 3447 910 3507 εὔνους
940 3445 1209 3522 ἀκροατὴς
1243 3444 1374 3523 τάχ’
1409 3444 1472 3503 ἄν
1500 3473 1557 3503 τι
1589 3446 1952 3528 ἐνδεεστέρως,

206 3538 343 3617 πρὸς·
378 3540 410 3597 ἃ
445 3541 714 3610 βούλεταί
759 3567 823 3596 τε
861 3540 945 3596 καὶ
985 3540 1306 3609 ἐπίσταται,
1348 3543 1584 3608 νομίσειε
1634 3542 1951 3612 δηλοῦσθαι,
