2320 4126
299 233 410 288 364
706 233 924 287 Cladem
950 234 1203 298 Iliacam,
1229 234 1441 287 Helenae
1465 235 1641 299 scelus,
1829 256 1990 292 PRAEL.
2009 258 2102 294 xx.

300 394 520 452 nempe
553 375 753 434 clades
781 373 967 434 Iliaca
996 397 1103 453 per
1133 396 1197 435 se
1225 380 1523 437 rationem
1554 380 1740 439 habet
1771 382 2101 459 gravissimi

302 474 574 531 omnium
635 474 1004 543 documenti,
1052 476 1264 552 nequis
1327 477 1648 554 impiorum
1715 480 1954 538 sceleris
2013 482 2103 538 sui

301 575 545 651 praemia
583 575 831 650 impune
863 593 926 631 se
958 574 1221 632 laturum
1270 583 1467 652 putet.
1555 576 1733 635 Illam
1766 599 1908 656 ergo
1940 599 2106 657 mag-

302 674 481 731 nifico
511 685 802 750 apparatu
849 673 1038 731 semel
1083 682 1266 751 atque
1311 675 1531 733 iterum
1566 676 1876 736 celebrans
1907 685 2103 755 poeta,

302 771 452 830 nihil
483 772 559 829 ab
590 772 854 848 ipsorum
879 770 1254 831 Achivorum
1288 774 1556 842 consili0‚
1578 777 1782 835 omnia
1812 777 2104 854 proficisci

303 871 482 929 docet
513 890 549 928 a
581 869 715 927 Deo
749 870 986 928 vindice
1007 879 1064 929 ⁰:

664 986 856 1047 Ἀτρέως
875 988 1036 1035 παῖδας
1057 990 1081 1033 ὁ
1104 990 1326 1048 κρείσσων

667 1062 732 1108 ἐπ’
755 1062 1037 1123 Ἀλεξάνδρῳ
1062 1063 1226 1122 πέμπει
1247 1063 1387 1120 ξένιος

666 1134 787 1181 Ζεύς.

302 1251 399 1308 Ac
446 1258 669 1328 praeter
714 1258 953 1318 caetera,
987 1251 1257 1309 victoriae
1288 1253 1416 1328 jam
1466 1253 1686 1311 certior
1731 1253 1944 1319 factm,
1979 1253 2107 1310 uni-

304 1370 533 1409 versam
568 1350 789 1408 divinae
820 1370 1010 1427 poenae
1041 1351 1337 1409 rationem
1370 1353 1656 1429 exponit:

669 1487 751 1531 Δία
773 1506 840 1531 τοι
863 1487 1006 1542 ξένιον
1026 1487 1164 1547 μέγαν
1185 1488 1404 1546 αἶδοΰμαι,

664 1563 742 1606 τὸν
763 1562 867 1606 τάδε
888 1562 1115 1621 πράξαντ’,
1139 1562 1205 1608 ἐπ’
1227 1564 1507 1625 Ἀλεξάνδρῳ

667 1636 865 1681 τείναντα
887 1637 1027 1680 πάλαι
1049 1638 1196 1695 τόξον,
1220 1636 1338 1684 ὅπως
1359 1636 1411 1683 ἂν

667 1709 775 1768 μήτε
796 1712 884 1769 πρὸ
907 1714 1074 1769 καιροῦ,
1096 1710 1196 1769 μήθ’
1220 1713 1331 1771 ὑπὲρ
1353 1712 1530 1772 ἄστρων

668 1785 805 1839 βέλος
825 1785 998 1843 ἠλίθιον
1020 1785 1253 1845 σκήψειεν.

669 1861 773 1907 Διός
793 1861 971 1920 πλάγαν
992 1861 1189 1919 ἔχουσιν·
1230 1861 1366 1906 εἷπεῖν

666 1935 858 1993 πάρεστι
879 1938 1010 1980 τοῦτο
1034 1934 1334 1993 κᾴξιχνεῦσαι·

669 2010 872 2067 ἔπραξεν,
896 2009 954 2055 ὡς
974 2009 1166 2067 ἔκρανεν.

308 2135 470 2193 Illud
522 2134 757 2214 ἔκρανεν,
815 2134 1139 2194 Parcarum
1195 2135 1552 2212 plerumque
1605 2134 1932 2211 proprium,
1987 2153 2104 2190 non

306 2235 435 2292 sine
467 2252 647 2292 causa
678 2235 754 2291 de
785 2232 942 2291 Jove
973 2233 1088 2291 hoc
1122 2233 1268 2292 'loco
1315 2234 1552 2291 dicitur.
1626 2231 1862 2300 Effecit,
1894 2232 2107 2307 inquit,

308 2333 613 2392 liberrima
666 2331 784 2390 Dei
830 2332 1181 2400 dominatiQ
1228 2352 1350 2390 non
1410 2352 1573 2391 coeca
1624 2331 1946 2390 Parcarum
2003 2331 2108 2388 vis.

310 2432 549 2490 Deinde
594 2451 802 2490 eorum
850 2432 1221 2489 dementiam
1259 2432 1548 2510 exagitat,
1580 2431 1683 2508 qui
1729 2428 1930 2506 aliquo
1976 2438 2111 2506 post

307 2539 584 2609 tempore
615 2531 991 2589 vocabantur
1023 2530 1340 2608 Epicurei:

671 2663 748 2707 οὐκ
770 2663 860 2722 ἔφα
881 2681 947 2709 τις
968 2661 1094 2709 θεοὺς
1113 2664 1289 2720 βροτῶν

732 2736 967 2794 ἀξιοῦσθαι
987 2736 1174 2795 μέλειν,-

673 2812 800 2859 ὅσοις
820 2812 1007 2858 ἀθίκτων
1027 2812 1157 2871 χάρις

671 2886 859 2932 πατοῖθ’·
894 2889 918 2931 ὁ
941 2886 978 2932 δ’
1002 2887 1080 2932 οὐκ
1103 2885 1306 2944 εὐσεβής.

395 3006 599 3066 Venio
630 3007 704 3064 ad
737 3006 1032 3064 eximium
1065 3006 1141 3064 de
1178 3006 1441 3071 infausta
1481 3003 1587 3060 illa
1618 3001 1861 3059 Helena
1906 2998 2112 3056 melos,

312 3104 630 3181 Nusquam
668 3104 751 3163 ibi
785 3104 1054 3164 Chorum
1101 3103 1347 3162 militari
1390 3102 1583 3180 gloria
1613 3099 1993 3159 exult-antem
2026 3097 2114 3153 in—

311 3205 531 3262 venies,
624 3203 830 3262 Solam
865 3223 985 3280 prae
1023 3202 1213 3261 oculis
1243 3202 1430 3260 habet
1464 3200 1733 3258 Deorum
1769 3197 2113 3262 vindictam,

305 3322 499 3360 seram
532 3303 778 3380 quidem
826 3302 1014 3374 illam,
1059 3304 1162 3360 sed
1209 3302 1487 3360 acerbam
1535 3319 1673 3357 cum
1722 3297 1944 3375 primis,
1987 3315 2113 3353 cer-

306 3412 556 3479 tamque
579 3411 605 3450 1³
629 3421 642 3460 ε

795 3498 912 3559 Ἰλίῳ
935 3498 981 3542 δὲ
1005 3498 1134 3554 κῆδος
1157 3498 1239 3555 ὀρ-

797 3572 995 3629 θώνυμον
1017 3572 1334 3630 τελεσσίφρων

609 3702 625 3717 ⁰
661 3695 815 3752 Ayam.
843 3707 946 3753 353.
1507 3698 1529 3729 Ρ
1564 3690 1681 3734 Ibid.
1706 3688 1810 3733 680.
