2320 4126
214 247 372 282 PRAEL.
398 246 547 281 xvm.
614 228 695 280 De
718 225 1023 291 Promethw,
1051 225 1206 278 bacam
1229 232 1274 278 et
1295 226 1456 280 oculos
1478 227 1763 298 rqfuqiente.
1851 225 1960 280 327

216 380 278 431 et
327 374 493 451 aegris
538 373 747 431 animis
791 376 1107 430 occurrunt
1153 369 1440 436 littorum,
1484 369 1792 436 undarum,
1836 388 1960 426 sco-

215 469 488 544 pulorum
535 487 769 544 quoque
809 468 1015 524 formae
1055 485 1123 524 ac
1174 483 1445 523 sonores:
1514 464 1563 521 is
1613 463 1960 538 praesertim,

217 565 318 640 qui
352 565 612 622 maxime
641 563 942 622 demulcet
970 563 1166 631 corda,
1197 560 1530 619 mirabilem
1560 561 1693 617 dico
1723 559 1962 618 aetheris

218 662 454 736 superni
478 679 827 718 consensum
858 678 995 717 cum
1024 659 1255 716 infinito
1284 658 1452 734 ponti
1483 675 1730 732 aequore.

303 756 422 814 Sed
464 757 596 815 haec
638 756 822 832 semel
867 763 1031 814 tacta
1073 756 1427 832 linquamUS,
1464 760 1603 813 sunt
1646 754 1806 812 enim
1850 753 1966 810 for-

219 861 372 911 tasse
411 854 732 912 subtiliora.
820 852 1027 911 Unum
1062 859 1242 930 atque
1280 853 1536 910 alterum
1569 851 1800 919 addam,
1831 869 1964 926 quae

217 952 438 1009 nemini
493 971 612 1008 non
669 950 844 1026 plana
900 956 1091 1008 erunt.
1197 940 1483 1018 Primum,
1540 949 1841 1007 verissime
1892 949 1967 1006 ad

217 1053 439 1104 naturae
497 1046 801 1123 exemplar
857 1047 1217 1104 commoveri
1270 1045 1647 1116 Promethea,
1698 1047 1823 1104 viso
1878 1064 1970 1102 re-

217 1151 396 1219 pente
455 1143 870 1220 Nympharum
921 1149 983 1201 et
1030 1142 1251 1202 Oceani
1303 1145 1598 1202 adventu:
1662 1144 1763 1219 qui
1809 1143 1969 1199 enim

217 1242 394 1298 modo
439 1249 748 1298 vocaverat
790 1240 852 1296 in
894 1246 1110 1316 partes,
1147 1247 1343 1316 atque,
1386 1247 1455 1298 ut
1498 1241 1582 1298 ita
1622 1241 1833 1308 dicam,
1880 1258 1972 1296 so-

217 1336 495 1396 lemniter
537 1344 866 1396 antestatus
909 1345 1035 1395 erat
1076 1356 1279 1395 omnes
1323 1337 1544 1412 ubique
1582 1336 1744 1395 Deos
1781 1336 1972 1393 homi-

218 1450 456 1507 nesque,
507 1433 556 1490 is
605 1451 762 1489 nunc
812 1433 1038 1508 pudore
1083 1438 1279 1491 tactus
1324 1433 1644 1491 molestum
1694 1439 1757 1490 et
1805 1452 1972 1509 paene

219 1528 485 1585 odiosum
531 1527 729 1595 habet,
767 1547 1102 1604 quenquam
1139 1530 1404 1587 omnium
1445 1530 1520 1588 ad
1557 1531 1683 1607 ejus
1718 1548 1971 1607 poenam,

218 1631 499 1701 tanquam
528 1625 603 1683 ad
632 1625 1052 1701 spectaculum,
1082 1644 1385 1684 accurrere
1406 1623 1451 1683 b.

571 1759 749 1804 τοιάσδε
767 1759 918 1806 ποινὰς
937 1760 1254 1818 ἇπλακημάτων
1273 1762 1389 1815 τίνω,

571 1827 873 1887 ὑπαιθρίοις
893 1830 1091 1888 δεσμοῖσι
1110 1833 1419 1880 πασσαλευτὸς
1437 1831 1510 1878 ὦν.

634 1898 677 1952 ἃ,
699 1898 740 1952 ἆ,
762 1900 826 1952 ἔα,
849 1901 913 1944 ἔα.

573 1971 639 2016 τίς
658 1971 767 2030 ἀχὼ,
789 1973 855 2018 τίς
874 1972 985 2030 ὀδμὰ
1004 1973 1234 2031 προσέπτα
1252 1973 1294 2032 μ’
1317 1974 1515 2035 ἀφεγγής
1529 1994 1543 2028 ;

573 2042 830 2097 θεόσσυτος,
851 2043 877 2101 ἢ
896 2047 1109 2103 βρότειος,
1130 2045 1155 2102 ἢ
1178 2047 1424 2106 κεκραμένη,

632 2115 747 2160 ἵκετο
767 2118 990 2174 τερμόνιον
1011 2117 1083 2162 ἐπὶ
1103 2119 1244 2177 πάγον

572 2188 742 2232 πόνων
763 2188 893 2245 ἐμῶν
913 2189 1119 2246 θεωρὸς,
1140 2189 1166 2246 ἢ
1187 2191 1231 2235 τί
1250 2190 1302 2248 δὴ
1324 2190 1486 2245 θέλων;

574 2259 726 2316 ὁρᾶτε
749 2259 974 2318 δεσμώτην
992 2279 1046 2318 με
1067 2259 1318 2320 δύσποτμον
1338 2262 1452 2308 θεόν.

225 2371 306 2429 Et
333 2371 510 2449 paulo
538 2372 798 2443 inferius

634 2507 848 2567 δέρχθητέ
863 2509 923 2567 μ’,
944 2508 1083 2555 ἴδεσθ’

577 2577 652 2639 οἴῳ
674 2580 821 2639 δεσμῷ
842 2581 1200 2639 προσπορπατὸς,

576 2651 709 2707 τῆσδε
729 2653 960 2711 φάραγγος
980 2653 1214 2700 σκοπέλοις
1233 2654 1279 2699 ἐν
1298 2654 1446 2712 ἄκροις

637 2725 836 2782 φροῦραν
855 2724 1015 2781 ἄζηλον
1035 2724 1202 2784 ὀχήσω.

228 2835 338 2894 Est
365 2836 468 2894 ubi
497 2837 868 2896 manifestius
896 2839 1058 2897 idem
1088 2840 1473 2915 conqueritur
1485 2848 1526 2896 ⁰.

578 2971 616 3013 εἷ
635 2969 718 3028 γάρ
738 2969 779 3028 μ’
802 2971 886 3015 ὑπὸ
907 2973 1003 3030 γῆν,
1025 2970 1174 3030 νέρθεν
1193 2971 1231 3016 θ’
1254 2971 1387 3018 Αἴδου

581 3045 658 3086 τοῦ
680 3042 1014 3102 νεκροδέγμονος
1035 3043 1095 3089 εἷς
1113 3042 1355 3101 ἀπέραντον

580 3115 791 3172 τάρταρον
809 3113 923 3171 ἧκεν,
945 3115 1122 3173 δεσμοῖς
1142 3115 1317 3163 ἀλύτοις

580 3187 746 3244 ἀγρίοις
765 3188 977 3241 πελάσας,
1000 3189 1063 3235 ὣς
1082 3187 1208 3246 μήτε
1229 3189 1362 3242 θεὸς,

579 3257 705 3314 μήτε
724 3260 805 3305 τὶς
825 3259 988 3306 ἄλλος
1008 3260 1171 3305 τοῖσδ’
1194 3260 1448 3318 ε’γεγήθει·

582 3332 656 3374 νῦν
679 3329 716 3373 δ’
739 3330 972 3389 αἶθερίον
993 3330 1189 3389 κίνυγμ’
1211 3334 1236 3375 ὁ
1255 3332 1389 3378 τάλας

642 3401 815 3459 ἐχθροῖς
835 3402 1046 3461 ἐπίχαρτα
1065 3403 1273 3448 πέπονθα.

527 3585 545 3610 ¹²
576 3587 721 3630 Prom.
749 3601 845 3631 112.
1407 3596 1422 3614 ⁰
1454 3590 1565 3635 Ibid.
1592 3591 1690 3644 158.
