2320 4126
186 249 338 282 PRAEL.
359 249 472 281 xm.
511 230 768 300 Exempla
791 237 978 300 spretoe
1002 230 1148 299 apud
1157 248 1337 299 procos
1360 229 1635 301 reliyionis.
1832 234 1938 284 215

188 373 380 442 Quam
434 372 647 429 vellem
705 373 766 429 in
821 374 934 429 isto
993 373 1347 429 mansissent
1405 391 1563 428 verae
1622 371 1938 447 solidaeque

187 470 423 545 pietatis
456 469 718 544 judicio!
788 469 908 526 Sed
953 468 1149 544 elapsa
1195 467 1378 525 semel
1419 469 1751 536 formidine,
1791 468 1940 524 nulli

193 567 376 622 ferme
419 585 611 640 neque
643 566 953 622 verborum
998 584 1191 640 neque
1235 566 1381 621 adeo
1424 565 1765 621 dextrarum
1806 584 1944 621 con-

189 663 451 719 tumeliae
502 669 768 738 parcunt.
869 662 1092 719 Contra
1142 662 1296 737 apud
1343 660 1660 718 Eumaeum
1704 667 1767 717 et
1811 661 1945 717 reli-

187 778 345 835 qUOS‚
406 760 506 833 qui
565 760 718 835 reg-is
776 759 863 815 sui
922 759 1186 834 partibus
1245 777 1307 815 se
1365 758 1733 826 addixerant,
1794 757 1942 814 nihil

188 854 419 928 hospite
450 854 716 927 quamvis
744 872 1003 927 paupere
1035 854 1445 920 venerabilius,
1476 853 1626 910 nihil
1663 855 1940 911 sanctius,

191 948 381 1005 Scires
410 948 626 1005 habere
666 967 789 1024 prae
821 949 1005 1007 oculis
1035 951 1197 1013 omni
1229 957 1497 1031 tempore
1535 951 1945 1034 gravissimum

189 1043 411 1112 illud¹¹;

427 1171 436 1182 .
455 1172 464 1183 .
486 1171 495 1182 .
514 1171 524 1183 .
545 1172 554 1182 .
573 1172 583 1190 ,
604 1172 613 1183 .
632 1173 642 1189 ,
662 1172 673 1183 .
692 1173 701 1183 .
723 1172 731 1183 .
751 1173 760 1183 .
775 1140 886 1197 πρὸς
905 1140 989 1197 γὰρ
1012 1141 1115 1185 Διός
1135 1139 1247 1183 εἰσιν
1267 1139 1452 1187 ἇπάντες

423 1211 555 1266 ξείνοι
576 1230 622 1255 τε
641 1213 808 1269 πτώχοι
830 1231 891 1255 τε.

277 1314 474 1372 Venio
533 1333 691 1373 nunc
749 1315 822 1370 ad
876 1313 1054 1371 aliam
1102 1320 1325 1381 notam,
1374 1332 1491 1369 non
1539 1313 1732 1374 levem
1783 1313 1948 1371 illam

195 1411 449 1486 quidem,
507 1411 814 1485 prudentis
872 1430 939 1468 ac
999 1409 1255 1486 religiosi
1315 1410 1514 1477 animi,
1565 1416 1634 1465 ut
1692 1416 1818 1466 erat
1877 1428 1948 1465 eo

194 1514 460 1582 tempore
518 1506 744 1583 religio.
861 1505 1151 1563 Divorum
1224 1506 1469 1582 auguria
1541 1511 1603 1561 et
1676 1506 1952 1580 auspicia,

192 1603 387 1678 qualia
416 1623 534 1659 non
564 1623 752 1678 pauca
794 1602 976 1660 habet
1017 1601 1317 1678 Odysseiae
1362 1609 1586 1669 auctor,
1619 1603 1953 1666 contemnit

189 1719 499 1774 procorum
531 1709 737 1768 coetus,
770 1708 1123 1756 venerantur
1149 1698 1401 1775 Ulyssei.
1465 1698 1601 1755 Duo
1624 1699 1951 1774 praesertim

190 1796 321 1853 loca
372 1804 509 1853 sunt
560 1816 688 1871 quae
736 1797 875 1853 huic
927 1797 1107 1871 capiti
1165 1796 1538 1871 potissimum
1596 1797 1950 1855 inserviant:

192 1912 377 1967 eaque
429 1912 548 1948 non
601 1892 878 1967 praeclara
923 1893 1111 1968 magis
1164 1892 1239 1948 ob
1289 1893 1407 1949 vim
1464 1900 1526 1949 et
1579 1900 1952 1949 venustatem

190 1991 502 2064 poeticam3
560 2008 737 2063 quam
795 1996 935 2064 apta
991 1996 1053 2045 et
1112 1989 1331 2045 diserta
1397 1990 1473 2045 ad
1539 1989 1952 2046 declarandam

197 2084 447 2142 Homeri
491 2087 866 2146 sententiam.
955 2085 1156 2144 Primo
1211 2105 1496 2162 augurem
1541 2086 1835 2161 quendam
1881 2085 1956 2142 de

197 2181 394 2238 reditu
435 2182 589 2259 regis
633 2183 1055 2239 vaticinantem
1098 2181 1260 2245 hisce
1299 2182 1492 2247 verbis
1531 2183 1796 2258 increpat
1838 2181 1960 2248 Eu-

199 2277 579 2353 rymachus⁰z

423 2375 480 2420 Ὠ
500 2377 643 2435 γέρον,
667 2378 703 2420 εἷ
725 2377 778 2430 δ’,
800 2379 879 2437 ἄγε
900 2382 988 2431 νῦν,
1010 2378 1216 2436 μαντεύεο
1239 2381 1364 2424 σοῖσι
1384 2379 1601 2432 τέκεσσιν,

430 2448 562 2493 οἴκαδ’
588 2450 677 2502 ἰὼν,
699 2449 756 2507 μή
778 2450 862 2495 πού
883 2471 925 2495 τι
947 2453 1074 2496 κακὸν
1092 2452 1330 2510 πάσχωσιν
1350 2452 1542 2499 ὀπίσσω·

433 2525 567 2565 ταῦτα
588 2521 624 2565 δ’
649 2523 732 2580 ἐγὼ
755 2523 833 2566 σέο
855 2525 1026 2568 πολλὸν
1046 2524 1227 2580 ἀμείνων
1245 2524 1546 2581 μαντεύεσθαι·

434 2592 600 2649 ὄρνιθες
622 2593 671 2637 δέ
689 2613 737 2637 τε
757 2596 919 2638 πολλοὶ
941 2595 1009 2638 ὑπ’
1034 2596 1168 2653 αὐγὰς
1189 2594 1352 2651 ἠελίοιο

432 2664 636 2721 φοιτῶσ’,
658 2665 759 2708 οὐδέ
778 2685 825 2710 τε
845 2667 1001 2711 πάντες
1023 2667 1251 2723 ἐναίσιμοι·
1286 2668 1420 2726 αὐτὰρ
1440 2667 1685 2720 Ὀδυσσεὺς

435 2735 571 2779 ὤλετο
592 2735 700 2792 τῆλ’·
735 2738 791 2782 ὡς
811 2738 879 2780 καὶ
902 2739 959 2782 σὺ
981 2738 1278 2797 καταφθίσθαι
1300 2739 1382 2784 σὺν
1403 2740 1547 2801 ἐκείνῳ

437 2806 620 2864 ὤφελες·
655 2809 730 2851 οὐκ
751 2808 802 2852 ἂν
822 2811 969 2854 τόσσα
990 2810 1266 2867 θεοπροπέων
1286 2811 1506 2870 ἀγόρευες,

439 2879 543 2922 οὐδέ
561 2897 607 2922 κε
628 2880 884 2939 Τηλέμαχον
905 2882 1202 2939 κεχολωμένον
1225 2883 1296 2927 ὧδ’
1319 2883 1490 2941 ἀνιείης,

439 2954 504 3010 σῷ
527 2950 628 3012 οἴκῳ
650 2953 788 3009 δῶρον
807 2953 1130 3012 ποτιδέγμενος,
1152 2953 1199 2999 αἵ
1218 2973 1264 2998 κε
1284 2958 1486 3013 πόρῃσιν.

201 3051 362 3107 ΝοΙο
394 3052 540 3110 illud
578 3073 677 3110 vos
708 3054 969 3131 effugiat,
995 3058 1152 3131 quod
1183 3057 1231 3114 is
1262 3059 1468 3120 eadem
1501 3059 1688 3116 ferme
1717 3061 1963 3127 ratione,

200 3154 378 3222 atque
418 3148 503 3204 illi
541 3151 642 3225 qui
679 3170 838 3207 nunc
883 3170 945 3208 se
989 3152 1368 3229 philosophos
1401 3157 1702 3230 jactitant,
1734 3156 1967 3219 caeleste

202 3261 422 3300 numen
453 3244 526 3300 de
556 3246 731 3303 rebus
760 3247 1033 3304 humanis
1063 3249 1291 3305 eximit.

443 3357 608 3414 ὀρνίθες
629 3358 678 3401 δέ
697 3377 743 3401 τε
763 3359 926 3401 πολλοὶ
948 3358 1017 3402 ὑπ’
1040 3360 1175 3418 αὐγὰς
1195 3359 1357 3416 ἠελίοιο

439 3427 643 3485 φοιτῶσ’,
666 3429 769 3472 οὐδέ
788 3448 834 3473 τε
854 3431 1010 3476 πάντες
1031 3431 1261 3488 ἐναίσιμοι,

385 3566 403 3583 “
437 3560 525 3604 Od.
549 3561 606 3604 vi.
634 3572 744 3618 207;
778 3564 865 3607 xiv.
891 3574 961 3620 57.
1108 3571 1109 3574 ’
1567 3575 1585 3593 ⁰
1615 3570 1660 3614 ii.
1688 3572 1784 3628 178.
