2320 4126
372 211 482 266 206
764 213 989 266 Hesiodi
1015 214 1075 267 de
1092 230 1292 267 summa
1318 212 1470 284 Reip.
1486 211 1770 282 judicium.
1878 228 2044 264 PRAEL.
2067 230 2162 264 xn.

372 357 487 415 hoc
519 355 668 414 illud
701 364 846 425 erat,
879 377 956 415 ex
997 357 1198 433 aliqua
1239 356 1454 414 saltem
1494 362 1683 432 parte,
1715 356 1876 432 quod
1909 354 2166 414 Homeri

373 453 614 530 aequalis
646 453 951 512 Hesiodus
980 455 1332 532 gravissimo
1378 453 1481 511 illo
1523 455 1788 512 carmine
1828 460 1920 513 est
1957 453 2168 530 depre-

375 551 616 612 catusd:

613 676 760 736 μηκέτ’
783 675 915 721 ἔπειτ’
942 675 1138 735 ὤφειλον
1160 676 1246 735 ἐγὼ
1267 675 1508 733 πέμπτοισι
1529 678 1719 734 μετεῖναι

612 751 838 808 ἀνδράσιν,
861 748 962 794 ἀλλ’
986 748 1011 806 ἢ
1034 749 1208 807 πρόσθε
1230 749 1389 802 θανεῖν,
1412 748 1437 807 ἢ
1460 750 1610 795 ἔπειτα
1630 749 1852 809 γενέσθαι.

612 827 688 870 νῦν
707 824 794 883 γὰρ
817 822 869 880 δὴ
891 823 1018 882 γένος
1039 823 1138 868 ε’στὶ
1160 822 1380 882 σιδήρεον·
1415 824 1515 869 οὐδὲ
1536 823 1632 870 ποτ’
1654 822 1769 883 ἦμαρ

611 895 857 943 παύσονται
879 897 1071 955 καμάτου
1095 897 1165 941 καὶ
1186 896 1342 953 ὀῖζύος,
1365 897 1469 943 οὐδέ
1487 917 1529 943 τι
1551 897 1716 958 νύκτωρ

612 971 911 1030 φθειρόμενοι·
945 971 1146 1030 χαλεπὰς
1167 971 1215 1015 δέ
1237 971 1330 1016 θεοὶ
1353 972 1553 1017 δώσουσι
1572 972 1795 1030 μερίμνας.
1815 1007 1824 1018 .
1846 1004 1855 1017 .
1875 1006 1884 1018 .

614 1044 716 1089 οὐδὲ
736 1044 880 1103 πατὴρ
900 1045 1141 1090 παίδεσσιν
1163 1045 1343 1102 ὁμοίῖος,
1366 1045 1471 1090 οὐδέ
1488 1064 1530 1090 τι
1550 1046 1717 1099 παῖδες,

613 1116 715 1162 οὐδὲ
737 1117 879 1173 ξεῖνος
898 1117 1147 1179 ξεινοδόκῳ,
1171 1117 1242 1161 καὶ
1263 1119 1434 1177 ἑταῖρος
1453 1118 1627 1180 ἑταίρῳ,

613 1192 715 1237 οὐδὲ
736 1191 999 1251 κασίγνητος
1019 1192 1156 1250 φίλος
1177 1192 1376 1245 ἔσσεται,
1400 1193 1457 1238 ὡς
1477 1194 1528 1237 τὸ
1549 1194 1689 1252 παρός
1707 1212 1806 1252 περ,

613 1265 730 1325 αἶψα
752 1265 800 1310 δὲ
819 1265 1124 1324 γηράσκοντας
1144 1263 1414 1323 ἀτιμήσουσι
1435 1269 1592 1324 τοκῆας
1598 1301 1757 1313 ......

615 1339 833 1399 σχέτλιοι,
856 1338 958 1383 οὐδὲ
979 1338 1090 1384 θεῶν
1111 1337 1211 1383 ὄπιν
1232 1339 1408 1386 εἷδότες”
1443 1340 1544 1385 οὐδὲ
1564 1340 1645 1397 μὲν
1664 1339 1758 1401 οἵγε

613 1413 886 1473 γηράντεσσι
907 1414 1111 1458 τοκεῦσιν
1130 1412 1216 1457 ἀπὸ
1239 1412 1480 1472 θρεπτηρία
1501 1415 1631 1467 δοῖεν,

612 1487 868 1548 χειροδίκαι·
904 1486 1051 1546 ἕτερος
1072 1486 1109 1531 δ’
1134 1486 1287 1546 ἑτέρου
1307 1489 1442 1533 πόλιν
1463 1488 1746 1546 ἐξαλαπάξει.

615 1562 720 1608 οὐδέ
739 1580 806 1610 τις
827 1563 1009 1621 εὐόρκου
1029 1563 1159 1622 χάρις
1179 1561 1377 1615 ἔσσεται,
1400 1566 1499 1607 οὔτε
1521 1564 1703 1616 δικαίου,

613 1637 702 1683 οὔτ’
725 1636 914 1696 ἀγαθοῦ.
939 1636 1114 1694 μᾶλλον
1137 1635 1185 1680 δὲ
1206 1640 1347 1681 κακῶν
1366 1635 1552 1695 ῥεκτῆρα
1574 1636 1642 1681 καὶ
1663 1636 1792 1696 ὕβριν

613 1710 747 1768 ἀνέρα
766 1707 1022 1768 τιμήσουσι·
1057 1707 1153 1765 δίκη
1177 1707 1213 1752 δ’
1238 1708 1284 1753 ἐν
1304 1708 1454 1767 χερσὶ,
1477 1709 1547 1753 καὶ
1569 1709 1699 1755 αἰδὼς

615 1786 694 1830 οὐκ
716 1785 858 1830 ἕσται·
892 1783 1070 1842 βλάψει
1092 1781 1129 1827 δ’
1153 1785 1178 1827 ὁ
1201 1784 1329 1829 κακὸς
1349 1784 1427 1828 τὸν
1447 1783 1623 1842 ἀρείονα
1644 1784 1775 1842 φῶτα

611 1858 794 1918 μυθοῖσι
816 1857 1014 1903 σκολίοις
1035 1855 1214 1909 ἐνέπων,
1237 1856 1309 1901 ε’πὶ
1331 1855 1367 1901 δ’
1392 1855 1522 1915 ὅρκον
1542 1856 1726 1915 ὀμεῖται.

616 1935 748 1992 ζῆλος
768 1931 805 1978 δ’
829 1932 1128 1990 ἀνθρώποισιν
1149 1930 1391 1990 ὀῖζυροῖσιν
1405 1929 1573 1976 ἅπασιν

613 2006 904 2059 δυσκέλαδος,
928 2008 1211 2064 κακόχαρτος,
1234 2003 1491 2063 ὁμαρτήσει,
1515 2006 1816 2064 στυγερώπης.

614 2081 684 2126 καὶ
705 2082 806 2125 τότε
828 2079 881 2137 δὴ
902 2080 1015 2136 πρὸς
1025 2076 1263 2136 ’Ὄλυμπον
1283 2077 1369 2122 ἀπὸ
1391 2077 1552 2136 χθονὸς
1573 2077 1836 2137 εὐρυοδείης,

613 2156 839 2199 λευκοῖσιν
859 2152 1087 2212 φαρέεσσι
1108 2151 1407 2211 καλυψαμένω
1427 2153 1545 2211 χρόα
1566 2152 1716 2204 καλὸν,

615 2228 839 2274 ἀθανάτων
858 2227 968 2286 μετὰ
988 2228 1138 2286 φῦλον
1156 2225 1254 2283 ἴτην
1273 2224 1531 2285 προλιπόντ’
1554 2225 1810 2285 ἀνθρώπους

616 2302 757 2348 Αἰδὼς
778 2302 847 2346 καὶ
869 2300 1076 2359 Νέμεσις·
1111 2300 1165 2345 τὰ
1186 2300 1235 2344 δὲ
1255 2299 1464 2359 λείψεται
1484 2298 1624 2359 ἄλγεα
1643 2299 1789 2359 λυγρὰ

616 2375 787 2432 θνητοῖς
806 2374 1093 2434 ἀνθρώποισι·
1125 2376 1256 2418 κακοῦ
1277 2372 1313 2418 δ’
1337 2373 1415 2417 οὐκ
1437 2374 1619 2418 ἔσσεται
1640 2371 1767 2430 ἀλκή.

1009 2553 1027 2579 ¹
1047 2551 1181 2614 Ἐργ.
1206 2554 1276 2599 καὶ
1298 2552 1405 2611 Ἦμ.
1433 2562 1534 2611 172.
