2320 4126
327 258 436 308 140
585 254 846 326 Exempla
872 254 1156 307 Homerica
1182 253 1326 306 circa
1351 269 1537 306 curras
1563 259 1612 305 et
1635 268 1788 304 arma
1809 272 1832 318 :-
1869 268 2032 303 PRAEL.
2053 269 2126 302 1x.

628 396 910 455 Μυρμιδόνας
931 394 968 439 δ’
992 393 1077 454 ἅρα
1096 395 1262 440 πάντας
1283 386 1361 438 ἕλε
1382 395 1566 452 τρόμος,
1581 393 1686 438 οὐδέ
1705 411 1772 439 τις
1792 393 1898 449 ἔτλη

629 472 761 528 ἄντην
781 469 1000 523 εἰσιδέειν,
1023 467 1125 514 ἀλλ’
1149 470 1350 527 ἔτρεσαν·
1384 468 1523 527 αὐτὰρ
1543 467 1783 527 Ἀχιλλεὺς

630 547 687 592 ὡς
709 543 803 598 εἶδ’,
827 546 885 590 ὥς
905 563 979 602 μιν
998 545 1174 601 μᾶλλον
1190 543 1266 586 ἔδυ
1287 543 1440 600 χόλος·
1476 542 1523 586 ἐν
1544 541 1596 586 δέ
1614 543 1655 586 οἱ
1677 540 1793 587 ὄσσε

630 621 772 664 δεινὸν
791 620 877 664 ὑπὸ
897 619 1157 678 βλεφάρων,
1181 617 1289 662 ὡσεὶ
1311 616 1466 669 σέλας,
1490 616 1775 676 ἐξεφάανθεν·

631 694 816 754 τέρπετο
838 692 874 738 δ’
899 692 946 737 ἐν
964 692 1200 751 χείρεσσιν
1220 691 1337 750 ἔχων
1358 690 1462 735 θεοῦ
1483 690 1631 750 ἀγλαὰ
1652 690 1788 750 δῶρα.

417 815 519 872 Ne
568 820 774 872 autem
818 818 996 889 putet
1045 810 1261 887 aliquis
1301 811 1430 869 haec
1473 817 1761 887 tanquam
1810 812 1969 869 dona
2014 811 2131 870 Dei

330 914 577 981 laudari,
624 931 746 969 non
791 910 1112 972 πανοπλίας
1157 911 1345 987 ipsius
1387 910 1604 988 gratia,
1650 910 1948 988 legantur,
1995 930 2133 986 quae

330 1011 812 1091 splendidissime
843 1018 1080 1088 ponunt
1123 1009 1368 1068 Danaos
1406 1029 1470 1069 se
1506 1012 1583 1069 ad
1623 1011 1905 1088 proelium
1936 1010 2134 1067 accin-

329 1119 546 1191 gentes
571 1131 583 1170 :
631 1130 888 1188 quorum
921 1116 1088 1168 certe
1119 1109 1401 1168 mortalia
1431 1117 1604 1168 erant
1635 1105 1857 1168 armad.

633 1267 692 1313 ὡς
713 1265 749 1311 δ’
774 1264 848 1311 ὅτε
868 1265 1076 1325 ταρφειαὶ
1099 1265 1281 1325 νιφάδες
1303 1267 1406 1313 Διὸς
1429 1265 1724 1319 ἐκποτέονται,

633 1341 826 1400 ψυχραὶ,
850 1340 934 1385 ὑπὸ
955 1338 1084 1399 ῥιπῆς
1105 1339 1386 1399 αἰθρηγενέος
1408 1338 1589 1398 Βορέαο,

634 1416 693 1462 ὣς
712 1417 813 1460 τότε
834 1414 1042 1475 ταρφειαὶ
1065 1413 1262 1473 κόρυθες,
1284 1414 1492 1472 λαμπρὸν
1511 1414 1737 1472 γανόωσαι

636 1494 747 1547 νηῶν
769 1488 1056 1548 ἐκφορέοντο,
1080 1489 1150 1532 καὶ
1171 1487 1359 1535 ἀσπίδες
1380 1486 1717 1546 ὀμφαλοέσσαι,

632 1563 825 1622 θώρηκές
845 1583 893 1608 τε
915 1562 1228 1623 κραταιγύαλοι
1250 1563 1321 1607 καὶ
1341 1562 1517 1620 μείλινα
1538 1562 1691 1621 δοῦρα.

632 1637 766 1698 α’ίγλη
789 1637 826 1682 δ’
850 1638 1035 1696 οὐρανὸν
1056 1635 1136 1690 ἷκε,
1157 1637 1365 1698 γέλασσε
1386 1637 1434 1681 δὲ
1454 1639 1581 1681 πᾶσα
1600 1637 1702 1695 περὶ
1723 1635 1845 1694 χθὼν

634 1715 807 1771 χαλκοῦ
828 1713 914 1756 ὑπὸ
937 1714 1172 1770 στεροπῆς·
1206 1713 1292 1757 ὑπὸ
1316 1712 1363 1756 δὲ
1385 1709 1546 1757 κτύπος
1567 1710 1735 1770 ὤρνυτο
1755 1709 1928 1755 ποσσὶν

630 1786 814 1846 ἀνδρῶν·
850 1786 897 1831 ἐν
919 1786 967 1830 δὲ
988 1786 1173 1844 μέσοισι
1196 1785 1446 1844 κορύσσετο
1468 1785 1562 1832 δῖος
1579 1783 1832 1843 Ἀχιλλεύς·

634 1863 713 1905 τοῦ
735 1861 806 1904 καὶ
828 1860 1020 1905 ὀδόντων
1039 1860 1120 1918 μὲν
1141 1859 1305 1919 καναχὴ
1326 1858 1454 1905 πέλε·
1488 1860 1550 1904 τὼ
1572 1857 1620 1903 δέ
1643 1860 1684 1903 οἱ
1704 1857 1821 1904 ὄσσε

635 1933 914 1993 λαμπέσθην,
939 1935 1051 1981 ὡσεί
1070 1953 1118 1980 τε
1139 1935 1279 1995 πυρὸς
1300 1933 1452 1981 σέλας·
1486 1934 1533 1980 ἐν
1554 1932 1602 1979 δέ
1623 1935 1665 1978 οἱ
1685 1932 1793 1993 ἦτορ

633 2009 723 2054 δῦν’
747 2009 856 2068 ἄχος
877 2009 1083 2067 ἄτλητον·
1118 2011 1142 2053 ὁ
1165 2008 1201 2054 δ’
1226 2009 1311 2068 ἄρα
1331 2009 1508 2068 Τρωσὶν
1527 2008 1762 2067 μενεαίνων

634 2082 797 2129 δύσετο
820 2084 940 2142 δῶρα
962 2084 1080 2137 θεοῦ,
1103 2084 1159 2128 τά
1180 2085 1221 2128 οἱ
1234 2082 1500 2143 Ἠφαιστος
1521 2083 1630 2140 κάμε
1650 2080 1835 2141 τεύχων.

339 2213 498 2271 Haec
530 2214 734 2271 omnia
763 2213 1010 2273 flamma
1041 2215 1302 2273 vividius
1334 2215 1620 2274 emicant.

420 2310 682 2371 Leniora
727 2321 884 2383 sunt,
933 2315 1196 2372 eundem
1240 2321 1449 2372 tamen
1494 2314 1766 2371 animum
1812 2312 2138 2379 declarant,

333 2412 552 2490 quibus
598 2413 952 2490 explicatur,
1008 2434 1127 2490 quo
1173 2432 1317 2471 arcu
1365 2412 1696 2483 Pandarus,
1735 2431 1855 2489 quo
1893 2411 2140 2470 thorace

332 2510 597 2588 gaudeat
616 2510 1067 2590 Agamemnon:
1104 2530 1299 2587 quave
1319 2517 1625 2569 armatura
1644 2517 1860 2568 mutuo
1881 2517 2140 2587 sumpta,

334 2624 399 2666 se
429 2609 506 2667 ad
538 2616 864 2669 nocturnas
901 2610 1035 2669 illas
1065 2609 1310 2668 insidias
1341 2609 1684 2686 paraverint
1717 2608 2047 2668 Diomedes
2077 2616 2142 2668 et

336 2706 603 2784 UlysseS.

424 2806 622 2876 Quale
683 2827 858 2884 porro
919 2814 1012 2866 est
1071 2806 1243 2877 illud,
1298 2808 1460 2883 quod
1514 2827 1587 2865 ea
1639 2808 1859 2876 omnia,
1914 2825 2140 2874 currus,

335 2919 540 2980 eqUOS,
588 2924 772 2973 arma,
823 2904 935 2963 Dis
981 2914 1225 2982 quoque
1269 2906 1414 2983 ipsis
1459 2906 1654 2964 tribui·
1691 2904 1965 2964 curavit!
2019 2924 2140 2962 non

336 3003 519 3060 modo
553 3001 852 3061 Minervae
887 3004 1126 3081 galeam
1169 3012 1233 3063 et
1273 3005 1480 3083 aegida,
1514 3002 1790 3082 Apollini
1832 3024 2040 3063 arcum
2077 3011 2142 3061 et

335 3102 604 3178 sagittaS‚
637 3102 742 3159 sed
773 3108 837 3159 et
867 3101 909 3159 J
912 3104 1099 3160 unoni
1130 3122 1359 3172 currus,
1394 3101 1709 3180 Neptuno,
1733 3103 2141 3161 immo-etiam

335 3217 577 3256 summo
607 3197 646 3256 J
652 3199 766 3268 ovi,
800 3219 1174 3276 quaecunque
1219 3200 1295 3258 ad
1332 3200 1646 3257 heroicum
1685 3206 1967 3258 ornatum
2007 3219 2142 3277 per-

338 3297 556 3354 tinent.

641 3393 699 3439 ὣς
719 3393 853 3438 εἰπὼν
874 3393 945 3438 ὑπ’
969 3393 1141 3454 ὄχεσφι
1162 3393 1392 3448 τιτύσκετο
1405 3444 1407 3446 ,
1412 3393 1659 3453 χαλκόποδ’
1683 3392 1835 3448 ἵππω,

641 3466 854 3522 ὦκυπέτα,
876 3467 1125 3528 χρυσέῃσιν
1146 3468 1369 3528 ἐθείρῃσιν
1390 3469 1622 3527 κομόωντε·

1069 3668 1087 3693 ‘¹
1111 3668 1166 3714 11.
1189 3669 1281 3714 xix.
1305 3679 1410 3727 357.
