2320 4126
181 294 440 328 PRAEL.X11.
586 276 667 327 De
693 276 960 327 Nausicaa
986 293 1096 326 cum
1119 276 1224 327 sais
1248 276 1306 326 in
1332 276 1489 328 litore.
1808 280 1907 335 191

173 426 374 475 metuo
420 437 495 474 ne
541 438 746 493 parum
797 418 870 475 ad
919 437 1043 475 rem
1090 418 1434 474 hodiernam
1482 418 1675 475 faciat.
1765 418 1912 477 Esto

174 515 346 581 enim,
390 513 745 571 Nausicaam
785 515 937 590 regis
977 514 1157 570 filiam
1202 534 1320 570 non
1367 514 1643 571 dedecuit
1687 515 1914 572 ancillae

173 627 418 666 munus:
463 629 603 666 num
635 611 695 666 id
727 612 928 666 statim
965 631 1080 685 prae
1117 611 1349 667 caeteris
1386 617 1512 667 erat
1552 610 1914 687 eligendum,

171 724 284 779 quo
340 725 458 761 uno
517 713 858 780 occupatam
920 708 1210 763 inveniret
1268 708 1585 783 naufragus
1631 707 1913 783 Ulysses?

172 797 427 856 Omnino
485 802 842 858 credendum
901 809 990 859 est
1055 803 1233 858 etiam
1292 802 1353 858 in
1410 802 1627 859 talibus
1697 803 1914 859 habere

171 914 426 952 summos
486 895 700 953 Poetas
759 916 874 971 quo
934 898 1170 954 oculum
1229 899 1560 965 intendant,
1620 919 1730 956 nec
1789 899 1914 955 sine

171 993 349 1048 tacito
380 994 632 1067 quodam
665 993 905 1050 consilio
936 1003 997 1050 et
1037 1014 1242 1051 norma
1272 995 1531 1071 deligere
1563 997 1700 1071 quid
1732 998 1915 1071 potis-

171 1089 381 1144 simum
412 1096 663 1145 narrent.
731 1088 918 1165 Viget
962 1091 1287 1147 etiamnum
1328 1111 1456 1148 mos
1494 1091 1911 1160 OrientalibUS‚

169 1191 236 1240 ut
279 1185 416 1240 foris
459 1186 531 1241 ad
562 1185 806 1242 flumina
838 1194 1028 1243 vestes
1071 1187 1270 1244 lavent
1314 1188 1606 1256 mulieres,
1653 1189 1914 1264 alioquin

169 1280 597 1357 religiosissime
641 1282 714 1338 ab
754 1282 939 1339 oculis
978 1284 1233 1340 virorum
1278 1292 1535 1341 remotae.
1624 1286 1742 1354 Qui
1785 1305 1913 1342 mos

171 1386 230 1434 et
259 1379 318 1434 in
350 1378 536 1434 Iliade
566 1381 844 1455 tangitur,
877 1380 977 1436 ubi
1008 1381 1202 1437 fontes
1226 1382 1510 1456 quosdam
1534 1383 1700 1456 ponit
1726 1382 1914 1439 Poeta

171 1476 330 1550 quasi
358 1482 580 1532 metam
613 1475 897 1533 Hectorei
928 1474 1197 1534 cursusb:

405 1645 735 1655 ............
750 1612 906 1656 πλυνοὶ
927 1612 1068 1670 εὐρέες
1089 1613 1216 1672 ἐγγὺς
1237 1614 1374 1666 ἔασιν,

400 1683 539 1734 καλοὶ,
560 1679 737 1735 λαΐνεοι,
760 1683 828 1727 ὅθι
850 1683 999 1741 εἵματα
1021 1688 1282 1743 σιγαλόεντα

398 1752 640 1798 πλύνεσκον
661 1757 815 1811 Τρώων
836 1756 1006 1814 ἄλοχοι,
1029 1759 1156 1801 καλαί
1176 1777 1223 1801 τε
1244 1757 1467 1816 θύγατρες,

398 1827 549 1884 τοπρὶν
570 1826 633 1871 ἐπ’
657 1826 835 1884 εἰρήνης,
856 1830 958 1886 πρὶν
979 1829 1122 1874 ἐλθεῖν
1142 1827 1234 1875 υἷας
1253 1829 1454 1887 Ἀχαιῶν.

170 1942 312 2011 Quae
360 1950 420 1998 et
466 1944 591 2018 ipsa
637 1945 972 2002 dulcissima
1022 1954 1177 2013 sunt,
1225 1947 1357 2003 luce
1402 1948 1652 2021 quadam
1700 1948 1914 2005 securi-

167 2039 303 2095 tatis
360 2046 421 2094 et
480 2041 600 2106 otii,
661 2041 1000 2098 brevissimo
1059 2045 1341 2118 temporis
1389 2051 1628 2119 punct0,
1674 2046 1734 2100 in
1786 2064 1911 2101 rem

168 2135 586 2191 atrocissimam
630 2143 905 2193 revocata
947 2157 1015 2194 ac
1061 2139 1271 2195 refusa.
1362 2139 1486 2198 Vix
1539 2147 1741 2197 autem
1785 2142 1910 2197 fieri

167 2232 375 2305 potuit,
434 2232 574 2306 quin
634 2232 918 2300 Homer0‚
978 2235 1132 2292 01100
1191 2254 1356 2292 0110111
1414 2235 1624 2293 Asiam
1677 2239 1910 2305 erranti,

167 2328 317 2383 sicut
383 2335 444 2384 et
500 2327 677 2385 hodie
735 2331 1261 2407 peregrinantibus,
1321 2334 1536 2408 saepius
1592 2334 1654 2389 in
1712 2335 1912 2392 oculos

166 2426 514 2481 incurrerint
558 2445 641 2493 00,
673 2428 884 2501 quibus
928 2429 1029 2486 ille
1067 2449 1233 2486 suam
1271 2431 1501 2487 ornavit
1533 2430 1910 2489 Nausicaam.

167 2520 207 2577 J
210 2541 302 2577 am
334 2521 474 2578 talia
502 2522 562 2577 in
593 2523 817 2580 deliciis
845 2525 1119 2582 habuisse
1149 2526 1357 2582 mitem
1390 2534 1569 2600 atque
1607 2536 1911 2602 comptum

167 2635 381 2683 senem,
412 2619 750 2675 testimonio
795 2621 911 2676 sint
956 2640 1156 2678 versus
1197 2641 1232 2678 a
1273 2623 1618 2698 Thucydide
1655 2625 1911 2699 repetiti,

166 2714 484 2787 pretiosum
525 2714 715 2788 siquid
754 2715 912 2772 aliud
958 2714 1249 2791 λείψανον.
1339 2717 1613 2776 Deliacas
1657 2720 1912 2796 virgines

167 2807 387 2864 salvere
406 2809 582 2883 jubet
614 2809 863 2868 Poetae:

397 2943 495 2986 ἀλλ’
518 2943 651 3001 ἄγεθ’,
673 2943 815 3000 ἵληκοι
835 2947 912 3002 μὲν
931 2946 1173 3000 Ἀπόλλων,
1194 2948 1416 3006 Ἀρτέμιδί
1436 2951 1527 3005 ξυν,

398 3014 570 3072 χαίρετε
592 3014 627 3059 δ’
651 3015 769 3072 ὑμεῖς
787 3016 938 3061 πάσαι·
973 3019 1089 3075 ἐμεῖο
1110 3020 1158 3063 δέ
1179 3021 1247 3063 καὶ
1267 3022 1529 3077 μετόπισθεν

395 3086 628 3143 μνήσασθ’,
651 3087 813 3133 ὅπποτε
834 3090 905 3134 κέν
925 3110 989 3137 τις
1010 3093 1264 3151 ἐπιχθονίων
1283 3094 1516 3152 ἀνθρώπων

394 3156 536 3202 ἔνθαδ’
558 3158 771 3216 ἀνείρηται
792 3162 929 3216 ξεῖνος
948 3165 1223 3222 ταλαπείριος
1240 3163 1395 3209 ἕλθων·

397 3229 430 3272 ὦ
451 3230 611 3287 κούραι,
634 3233 698 3278 τὶς
719 3232 755 3276 δ’
777 3232 905 3290 ὕμμιν
925 3235 1030 3293 ἀνὴρ
1051 3237 1229 3292 ἥδιστος
1249 3238 1403 3281 ἀοιδῶν

394 3298 545 3344 ἕνθαδε
565 3306 784 3356 πωλεῖται,
808 3307 875 3349 καὶ
897 3310 956 3364 τῷ
977 3306 1190 3363 τέρπεσθε
1209 3307 1427 3364 μάλιστα;

399 3373 515 3427 ὑμεῖς
536 3373 572 3416 δ’
595 3373 642 3418 εὖ
661 3375 777 3431 μάλα
795 3377 932 3422 πάσαι
953 3377 1242 3436 ὑποκρίνασθε
1262 3378 1456 3436 ἀφήμως·

399 3443 565 3501 τύφλος
584 3446 703 3504 ἀνὴρ,
725 3449 830 3492 οἰκεῖ
850 3450 896 3493 δὲ
913 3451 1002 3508 Χίῳ
1020 3448 1085 3494 ἔνι
1104 3450 1424 3506 παιπαλοέσσῃ.

198 3605 220 3635 b
246 3603 303 3650 ‘IL
326 3608 430 3652 xxii.
459 3622 554 3667 153.
913 3623 932 3644 0
966 3616 1135 3674 Hymn.
1158 3618 1204 3660 in
1226 3618 1372 3674 Apoll.
1402 3618 1509 3671 165,
1543 3617 1685 3661 Thuc.
1712 3632 1752 3673 3.
1781 3632 1878 3679 104.
