2320 4126
339 201 449 255 278
718 203 967 268 Manum,
995 204 1266 269 imitand0‚
1280 205 1585 276 faciliorem
1594 207 1744 276 fieri.
1844 226 2005 261 PRAEL.
2029 226 2141 263 xv1.

342 346 583 425 lingua3
628 350 815 406 immo
846 369 924 407 ne
955 355 1164 407 mente
1195 350 1441 426 quidem
1485 369 1558 408 ea
1594 370 1732 427 quae
1778 353 2042 411 sentiant
2082 352 2143 411 in

343 446 618 504 ordinem
683 448 957 525 redigere
1031 447 1291 506 valeant.
1382 447 1503 518 Qui
1576 457 1897 527 postquam
1956 450 2144 510 semel

344 541 603 620 legendo
663 544 1058 613 edidicerunt,
1108 564 1245 622 quae
1299 546 1420 603 sint
1479 546 1744 615 consilia,
1797 567 1928 624 quae
1987 555 2148 606 artes

344 640 639 720 legitimae
701 643 981 712 Poeseos,
1043 645 1250 702 statim
1308 644 1494 702 levari
1555 663 1618 703 se
1692 665 1873 704 onere
1943 645 2150 704 odioso

343 742 633 819 gestiunt,
662 745 1069 820 magnamque
1100 742 1478 802 alacritatem
1509 744 1621 803 sibi
1652 744 1730 803 ad
1761 745 2146 803 scribendum

346 841 504 899 addi.
596 840 713 899 His
758 841 1178 918 splendidioris
1223 843 1514 921 cujusque
1574 849 1776 922 poetae
1835 844 1989 903 liber
2036 844 2152 902 erit

347 939 449 998 vel
474 942 922 999 armamentarii
954 940 1106 1010 locO,
1140 941 1254 1011 vel,
1287 942 1336 1000 si
1366 942 1540 1002 malit
1570 943 1802 1021 aliquis,
1836 943 1962 1001 ludi
1992 943 2150 1001 mili-

345 1037 490 1095 taris
516 1054 530 1094 z
579 1056 698 1114 quo
731 1037 962 1098 scilicet
1002 1041 1294 1099 accedant
1330 1041 1618 1110 rudiores,
1651 1061 1773 1099 non
1802 1049 1928 1100 tam
1959 1047 2153 1099 mate-

347 1136 454 1195 riae
486 1139 793 1196 sumendae
821 1140 1034 1217 gratia,
1067 1159 1249 1216 quam
1289 1141 1533 1218 penitus
1577 1160 1707 1199 sese
1743 1139 2038 1209 tentandi,
2072 1159 2149 1198 ne

350 1256 468 1295 vox
513 1237 842 1296 immobilis
897 1245 960 1297 et
1004 1240 1199 1318 rigida
1243 1240 1465 1318 rapidis
1509 1241 1848 1299 animorum
1891 1240 2154 1300 flexibus

350 1336 509 1395 male
532 1339 912 1415 respondeat.
1005 1339 1159 1398 Rem
1196 1341 1327 1418 jam
1365 1347 1546 1400 antea
1582 1340 1694 1399 sibi
1724 1340 2110 1418 providerant
2130 1359 2152 1412 Ι;

351 1457 512 1496 nunc
558 1437 815 1497 formam
861 1439 1137 1498 ediscunt
1182 1447 1245 1498 et
1291 1441 1582 1510 ordinem,
1614 1459 1834 1520 magno
1879 1459 2022 1500 sane
2052 1460 2154 1499 ve-

352 1538 679 1595 tustiorum
711 1539 1028 1597 auctorum
1060 1540 1374 1598 beneficio.

439 1635 685 1713 Triplici
734 1657 877 1715 ergo
930 1639 1303 1716 compensari
1353 1637 1570 1697 videtis
1630 1639 1807 1708 bon0,
1868 1640 1916 1696 si
1970 1657 2152 1715 quam

352 1735 632 1812 injuriam
678 1737 938 1813 poeticae
988 1739 1075 1796 rei
1119 1738 1280 1816 apud
1322 1745 1559 1796 veteres
1597 1738 1838 1797 Graecos
1881 1737 2156 1797 intulerit

357 1836 650 1894 maturior
693 1843 879 1913 atque
925 1836 1258 1896 absolutior
1307 1837 1487 1896 unius
1537 1839 1927 1915 praestantia:
1995 1837 2158 1914 prin-

356 1936 531 2013 cipie,
578 1935 740 2013 quod
784 1937 1207 2014 primariorum
1253 1936 1454 2006 lecti0,
1503 1936 1846 1995 dulcissima
1898 1936 2158 2013 quadam

355 2035 698 2111 συμπαθείᾳ,
743 2056 867 2094 11οη
908 2043 1036 2094 tam
1079 2036 1344 2094 excudat
1389 2055 1570 2113 quam
1612 2036 1815 2094 eliciat
1855 2036 2160 2094 abstrusos

358 2135 527 2212 quasi
565 2135 734 2193 venis
770 2135 1148 2211 quorundam
1187 2135 1375 2213 ignes,
1414 2134 1753 2212 praesertim
1796 2134 2024 2203 eorum,
2056 2136 2159 2210 qui

357 2235 559 2293 31111110
606 2241 748 2293 sunt
791 2234 1130 2292 teneriore:
1186 2233 1422 2301 deinde,
1465 2234 1625 2309 quod
1672 2232 1916 2292 stabiles
1962 2239 2026 2291 et
2069 2253 2164 2292 ro-

358 2336 568 2394 bustos
599 2335 785 2393 etiam
815 2334 891 2392 ad
923 2332 1307 2392 scribendum
1337 2333 1588 2391 incitet:
1642 2341 1966 2410 postremo,
1999 2334 2162 2410 quod

359 2437 710 2512 inexpertos
769 2434 987 2492 sensim
1049 2434 1265 2491 doceat
1323 2432 1520 2491 verbis
1579 2432 1965 2509 numerisque
2024 2452 2166 2491 con-

361 2534 607 2608 cludere
674 2551 881 2591 sensus
940 2532 1163 2591 animi:
1239 2538 1326 2599 ut,
1381 2531 1893 2607 quemadmodum
1950 2550 2166 2589 canere

360 2635 654 2704 nesciens,
700 2631 879 2690 turba
922 2638 1106 2708 atque
1166 2632 1401 2708 impetu
1447 2631 1797 2689 canentium
1841 2629 2164 2706 aliquando

364 2736 666 2811 abreptus,
713 2732 899 2790 sentit
961 2732 1106 2807 quid
1166 2750 1274 2789 sua
1317 2750 1435 2788 vox
1483 2749 1624 2788 vere
1669 2730 1872 2807 possit,
1922 2730 2009 2788 ita
2063 2730 2162 2807 qui

363 2836 528 2913 prius
572 2834 685 2893 sibi
730 2839 903 2891 erant
945 2832 1049 2890 visi
1099 2833 1175 2891 ab
1221 2830 1503 2890 omnibus
1552 2830 1751 2888 Musis
1795 2829 2160 2898 alienissimi,

365 2940 686 3012 postquam
734 2931 1058 2990 familiares
1101 2930 1247 2990 facti
1307 2936 1448 2988 sunt
1507 2928 1750 3007 egregio
1803 2926 1943 2996 vati,
2004 2926 2168 2985 ultro

368 3055 430 3094 se
462 3033 602 3092 ferri
633 3033 942 3110 patiantur
972 3051 1150 3090 cursu
1181 3031 1310 3107 ejus
1341 3036 1404 3088 et
1433 3047 1823 3086 numerorum
1855 3026 2143 3085 flumine(

378 3125 385 3132 '¹
444 3143 476 3166 “
498 3132 585 3191 At
611 3134 791 3201 enim,
818 3152 966 3209 (11105
990 3152 1112 3189 11011
1136 3129 1503 3190 absterrebit
1527 3129 1878 3187 admiranda
1904 3129 2170 3206 priorum

372 3242 579 3293 vatum
627 3232 1006 3300 excellentia,
1045 3251 1149 3290 eos
1191 3226 1399 3289 tamen
1435 3230 1644 3288 eadem
1689 3229 1866 3288 aliter
1917 3229 2168 3288 fortasse

371 3332 682 3409 impediet,
727 3350 805 3388 ne
859 3331 1020 3387 inter
1071 3326 1383 3405 primarios
1436 3325 1639 3383 locum
1701 3326 1814 3384 sibi
1874 3330 2166 3383 mereant.

374 3430 687 3490 Videlicet
758 3430 887 3486 fieri
960 3435 1179 3505 potest,
1211 3433 1283 3484 ut
1351 3426 1414 3483 in
1480 3445 1670 3482 unum
1730 3426 2030 3502 quendam
2093 3423 2169 3481 de

376 3550 628 3587 numero
674 3530 789 3587 isto
835 3527 1077 3605 egregio
1109 3526 1370 3584 defixam
1402 3526 1553 3583 adeo
1585 3532 1792 3584 teneat
1831 3526 1970 3605 quis·
2000 3543 2167 3581 men-

378 3637 504 3688 tem
545 3636 727 3706 atque
764 3629 1049 3694 animum,
1084 3633 1152 3684 ut
1180 3646 1259 3684 ne
1292 3624 1620 3683 clausulam
1654 3626 1917 3702 quidem,
1949 3625 2173 3682 nedum
