2320 4126
389 241 414 292 1
427 238 498 296 78
684 239 1084 293 Maritimorum
1109 240 1168 293 in
1199 239 1446 310 Ockqsseia
1471 258 1680 297 casuum
1706 239 1859 294 ratio.
1913 259 2074 293 pum..
2104 258 2179 293 x1.

390 390 636 452 tamen3
703 384 832 459 ejus
890 384 1137 459 inquam
1191 384 1488 451 carminiS,
1541 403 1662 459 quo
1715 403 1823 442 sua
1874 384 2186 443 concludit

393 482 636 540 oracula
688 481 1132 558 Prophetarum
1169 481 1273 538 ille
1317 481 1587 551 ultimus,
1639 481 2038 542 Malachias¹:

633 600 717 643 Καὶ
739 599 941 644 ἅνατελεῖ
959 600 1074 656 ὑμῖν,
1096 600 1189 644 τοῖς
1209 598 1506 656 φοβουμένοις
1525 600 1576 643 τὸ
1599 598 1734 657 ὄνομά
1754 619 1852 658 μου,

624 671 790 719 ”Ἠλιος
810 671 1102 728 δικαιοσύνης,
1127 671 1195 715 καὶ
1215 669 1336 718 ἰἀσις
1358 672 1404 716 ἐν
1423 675 1518 718 ταῖς
1537 672 1747 731 πτέρυξιν
1767 674 1914 728 αὐτοῦ,

633 747 703 791 καὶ
724 745 1035 803 ἐξελεύσεσθε,
1058 743 1127 789 καὶ
1148 743 1426 804 σκιρτήσετε,

634 820 692 865 ὡς
710 819 940 878 μοσχαρία
962 819 1008 863 ἐκ
1031 819 1207 876 δεσμῶν
1227 818 1441 876 ἀνειμένα.

393 918 722 986 Videlicet,
753 918 1041 994 praedicto
1073 917 1395 994 impiorum
1430 917 1688 985 excidio,
1720 920 1982 977 eundem
2011 920 2185 978 illum

391 1018 553 1076 diem
600 1017 967 1075 vaticinatur
1025 1015 1256 1074 almum
1316 1016 1444 1073 fore
1501 1016 1685 1092 justis
1746 1025 1810 1075 et
1868 1018 2186 1096 plusquam

388 1116 726 1195 genialem:
774 1117 1071 1173 oriturum
1103 1117 1325 1193 quippe
1357 1116 1526 1192 quasi
1570 1116 1776 1175 Solem
1807 1118 1848 1176 J
1851 1119 2092 1187 ustitiae‚
2125 1126 2188 1177 et

388 1217 569 1276 radiis
607 1217 890 1293 utrinque
932 1215 1150 1284 effusiS,
1184 1215 1374 1274 veluti
1421 1215 1623 1274 lucido
1664 1217 1895 1275 alarum
1937 1219 2187 1287 ambitu,

387 1325 695 1376 tecturum
729 1323 791 1375 et
824 1324 1175 1374 sanaturum
1208 1316 1428 1373 omnia.
1498 1314 1636 1385 Quo
1671 1317 1814 1388 viso,
1845 1318 2190 1394 prodituros

388 1416 700 1495 extemplo
747 1416 1007 1484 obviarn,
1049 1415 1267 1492 quibus
1312 1415 1455 1472 insit
1498 1434 1639 1473 vera
1681 1435 1750 1474 ac
1792 1418 1929 1475 viva
1974 1416 2189 1496 pieta8‚

386 1536 584 1595 neque
637 1516 755 1574 alio
809 1534 872 1573 se
920 1515 1259 1591 jactaturos
1318 1514 1560 1592 gaudie,
1614 1534 1686 1572 ac
1746 1515 1946 1574 solent
1995 1519 2186 1586 vituli,

387 1623 713 1695 conspecta
742 1621 956 1673 matre.

474 1716 625 1773 Haec
646 1714 860 1772 timide
880 1720 943 1770 et
961 1711 1314 1770 haesitanter
1331 1732 1620 1790 prop0n0,
1637 1720 1711 1770 ut
1731 1712 1909 1772 decet
1933 1714 2193 1774 Hebrai-

386 1836 592 1876 carum
622 1814 936 1872 literarum
968 1831 1139 1889 paene
1169 1812 1421 1882 rudem3
1457 1812 1576 1870 hoc
1609 1820 1773 1870 certe
1806 1813 2010 1872 videre
2040 1815 2190 1873 mihi

387 1916 616 1986 videor,
660 1913 992 1992 imaginem
1041 1917 1282 1969 exstare
1327 1931 1450 1969 non
1495 1911 1698 1988 paullo
1746 1913 2094 1983 dulciorem,
2141 1915 2190 1973 si

386 2011 749 2095 σκιρτήματα
775 2013 907 2090 quis
932 2031 1004 2070 ea
1026 2011 1249 2069 referat
1280 2012 1356 2069 ad
1387 2011 1683 2081 laetitiam,
1718 2013 1844 2071 viso
1875 2033 2034 2072 novo
2064 2014 2189 2073 sole

388 2121 764 2191 conceptam,
798 2132 979 2190 quam
1029 2112 1077 2170 si
1124 2111 1200 2169 de
1232 2111 1439 2169 vitulis
1484 2119 1724 2170 tantum
1768 2114 2013 2191 cogitet,
2043 2115 2191 2173 ube-

385 2215 542 2272 riore
571 2221 769 2291 pastU,
797 2222 869 2270 ut
901 2212 985 2281 fit,
1016 2211 1434 2290 gestientibus.

476 2313 597 2372 Sed
657 2312 820 2380 illuc,
879 2313 1043 2369 unde
1104 2310 1240 2379 abii,
1305 2312 1568 2368 redeam.
1670 2311 1817 2369 Non
1876 2312 2066 2371 semel
2125 2314 2188 2371 in

389 2413 697 2491 Odysseia,
757 2431 898 2471 cum
941 2412 1070 2488 jam
1120 2430 1290 2487 paene
1337 2411 1651 2488 tetigimus
1703 2419 1963 2488 portum,
2014 2412 2190 2471 variis

388 2514 623 2572 casibus
653 2513 716 2570 in
746 2511 937 2570 altum
969 2511 1253 2587 rapimur.
1317 2509 1495 2578 Quod
1527 2510 1725 2587 ipsum
1748 2510 2012 2570 intendit
2042 2531 2191 2589 quo-

389 2613 713 2671 dammodo
766 2618 830 2669 et
875 2610 1028 2667 mire
1081 2609 1245 2666 acuit
1295 2609 1612 2666 domestici
1663 2610 1771 2667 otii
1825 2611 2188 2688 cupidinem.

389 2713 586 2774 Velut
629 2711 735 2769 ubi
780 2711 1062 2787 primum,
1118 2709 1407 2767 demenso
1455 2708 1655 2786 Egaeo,
1702 2709 1969 2768 flectitur
2018 2731 2192 2788 prora

389 2813 628 2873 Ionium
661 2817 953 2868 versusm:

631 2913 700 2957 καὶ
722 2911 772 2957 νύ
794 2931 866 2957 κεν
886 2911 1083 2968 ἀσκηθὴς
1105 2913 1256 2969 ἱκόμην
1278 2911 1322 2958 ἐς
1342 2911 1533 2971 πατρίδα
1553 2914 1698 2971 γαῖαν,

630 2986 749 3030 ἀλλά
769 3004 822 3043 με
846 2987 973 3042 κῦμα,
994 2984 1099 3044 ῥόος
1119 3005 1182 3038 τε,
1204 2986 1589 3044 περιγνάμπτοντα
1611 2986 1825 3038 Μάλειαν,

631 3061 700 3103 καὶ
724 3058 887 3116 Βορέης
906 3058 1098 3111 ἀπέωσε,
1119 3059 1432 3118 παρέπλαγξεν
1451 3077 1499 3103 τε
1522 3057 1747 3118 Κυθήρων.

392 3159 551 3216 Item
584 3157 645 3214 in
675 3155 838 3214 AEoli
869 3152 1160 3229 ἐπεισοὸἶῳ
1180 3162 1229 3222 ¹¹,

629 3260 815 3317 ε’ννῆμαρ
836 3258 916 3316 μὲν
938 3260 1054 3316 ὁμῶς
1073 3256 1266 3314 πλέομεν
1283 3255 1437 3303 νύκτας
1458 3277 1506 3302 τε
1529 3259 1599 3302 καὶ
1620 3257 1752 3317 ἦμαρ,

629 3337 683 3392 τῇ
708 3334 863 3391 δεκάτῃ
887 3332 924 3377 δ’
949 3332 1028 3390 ἤδη
1051 3331 1311 3390 ἀνεφαίνετο
1327 3333 1486 3391 πατρὶς
1506 3332 1685 3392 ἄρουρα·

630 3409 700 3454 καὶ
723 3407 774 3465 δὴ
796 3405 1129 3466 πυρπολέοντας
1150 3403 1443 3463 ἐλεύσσομεν,
1467 3406 1599 3465 ἐγγὺς
1620 3407 1770 3453 ἐόντας
1775 3441 1953 3453 .......

635 3515 917 3526 ..........
933 3479 1077 3536 βουλὴ
1101 3478 1149 3523 δὲ
1171 3478 1277 3535 κακὴ
1301 3478 1477 3535 νίκησεν
1499 3479 1695 3538 ἑταίρων

625 3554 763 3600 ἀσκὸν
784 3553 865 3612 μὲν
885 3555 1050 3606 λῦσαν,
1073 3551 1223 3611 ἄνεμοι
1247 3551 1286 3596 δ’
1310 3552 1357 3596 ἐκ
1377 3552 1537 3598 πάντες
1558 3551 1766 3612 ὄρουσαν.

510 3675 519 3704 ¹
541 3676 651 3720 Mal.
675 3676 735 3721 iv.
763 3690 802 3719 2.
1173 3682 1199 3700 ¹¹¹
1236 3675 1327 3720 Od.
1350 3676 1409 3720 ix.
1437 3687 1508 3734 79.
1868 3682 1886 3699 ¹¹
1917 3691 1961 3718 x.
1987 3674 2059 3718 28.
