2320 4126
17 2325 23 2345 ..
22 2235 24 2246 ,Α
0 1888 29 2226 Αεᾏμῄζιῑὲςιϊῇῥρκιῇςῃῐψ
0 1823 31 1883 5552»
2 1735 28 1814 axa-2221

253 258 573 292 PRAEL.XV111.
615 240 888 308 AEsohylea
912 240 1153 310 quoedam
1176 241 1239 294 de
1263 242 1405 295 rebus
1429 244 1678 297 civibibus.
1849 273 1852 277 ·
1897 250 2005 302 313

253 383 547 457 equidem,
577 383 637 438 in
675 383 934 439 earmina
964 383 1089 458 ejus
1127 383 1319 459 spargi
1358 403 1477 440 non
1512 404 1642 441 raro
1680 389 2004 444 sententias

251 478 557 552 ejusmodi,
604 498 733 553 quae
780 479 1029 535 deceant
1080 480 1383 555 egregium
1427 480 1637 548 civem,
1685 480 1871 539 libera
1915 502 2004 539 re-

252 574 520 655 publica3
592 575 913 651 praesertim
973 594 1044 631 eo
1102 582 1388 650 tempore,
1448 595 1564 650 quo
1617 575 1852 635 Persica
1902 578 2005 635 illa

253 680 575 746 tempestas
621 673 722 728 vix
763 678 825 728 et
876 690 950 727 ne
998 671 1096 727 vix
1142 672 1380 746 quidem
1434 673 1493 728 in
1540 692 1710 731 auras
1757 673 2000 732 abierat.

256 768 416 824 Hine
474 769 575 825 illa
632 768 840 844 saepius
886 767 1066 827 allata
1123 768 1197 827 de
1256 769 1313 826 vi
1365 776 1765 848 tyrannorum,
1825 770 2002 829 nullis

251 865 518 941 subjecta
545 865 790 942 legibus,

605 981 706 1028 ⁰028*
729 983 795 1029 ὅτι
816 985 976 1043 τράχυς
996 986 1066 1029 καὶ
1084 985 1184 1044 παρ’
1206 987 1343 1044 ἐαυτῷ

602 1058 651 1101 τὸ
674 1057 836 1101 δίκαιον
855 1058 968 1116 ἔχων
988 1056 1169 1103 Ζεύς.-

601 1128 779 1173 (Ῑᾶπαντ’
801 1130 996 1187 ἕπραχθη
1017 1129 1132 1186 πλὴν
1153 1129 1294 1173 θεοῖσι
1315 1132 1538 1187 κοιρανεῖν,

601 1201 828 1259 ἐλευθέρος
846 1203 932 1260 γὰρ
954 1205 1070 1248 οὔτις
1091 1202 1202 1253 ἐστι,
1223 1202 1339 1259 πλὴν
1360 1202 1475 1248 Δίος.

600 1280 617 1299 ²
629 1306 1080 1319 ................
1096 1273 1293 1332 ἀμέγαρ-

599 1364 680 1390 -τα
698 1346 783 1403 γὰρ
804 1345 905 1389 ταδὲ
926 1346 1029 1392 Ζεὺς
1051 1346 1174 1391 ἷδίοις

598 1419 742 1474 νομοῖς
761 1416 990 1474 κρατύνων,
1011 1416 1175 1475 ὑπερή-

598 1491 767 1548 -φανον
787 1490 901 1535 θεοῖς
920 1492 1012 1536 τοῖς
1030 1491 1168 1547 πάρος
1188 1490 1263 1534 ε’ν-

595 1562 838 1607 -δείκνυο-ιν
857 1560 1030 1620 α’ίχμαν.

246 1663 407 1720 Hine
438 1683 526 1731 ea,
551 1664 764 1739 quibus
794 1663 978 1720 semel
1000 1665 1337 1740 iterumque
1369 1665 1774 1734 admonemur,
1805 1687 2000 1744 asper-

245 1762 459 1817 rimum
491 1761 615 1817 fieri
648 1761 928 1835 quemvis,
960 1762 1185 1819 recenti
1216 1759 1501 1819 victorias.

595 1882 788 1928 πολλοὺς
808 1882 844 1927 δ’
865 1883 1077 1939 ὀδυρμοὺς
1096 1883 1165 1926 καὶ
1184 1885 1315 1942 γόους
1334 1883 1575 1942 ἀνωφελεῖς

595 1955 794 2014 φθέγξει·
828 1957 929 2001 Διὸς
948 1956 1032 2013 γὰρ
1053 1956 1390 2013 δυσπαραίτητοι
1410 1955 1581 2014 φρένες·

594 2029 704 2074 ἅπας
724 2028 771 2072 δὲ
791 2028 967 2087 τραχὺς,
989 2027 1112 2074 ὅστις
1132 2028 1183 2073 ἂν
1202 2027 1298 2073 νέον
1320 2031 1468 2086 κρατῇ.

244 2130 442 2186 Etiam
488 2129 607 2197 illa,
639 2149 768 2205 quae
802 2136 977 2187 acute
1019 2131 1159 2187 satis
1206 2136 1462 2206 tangunt
1499 2129 1762 2186 animum
1801 2136 1996 2206 tyran-

241 2246 449 2283 norum
481 2226 555 2285 ad
584 2245 676 2284 res
710 2227 1009 2284 novandas
1044 2233 1339 2284 arrectum
1358 2234 1404 2284 g.

591 2346 678 2391 νέοι
697 2347 781 2405 γὰρ
801 2346 1043 2404 οἰακονόμοι

592 2418 794 2476 xpm-060²
814 2418 1053 2476 Ὀλύμπου·
1075 2421 1274 2479 νεοχμοῖς

590 2491 636 2538 δὲ
657 2491 708 2547 δὴ
730 2493 874 2546 νόμοις

592 2565 695 2610 Ζεὺς
714 2564 874 2609 ἀθέτως
894 2563 1102 2621 κρατύνει,
1124 2563 1178 2607 τὰ

591 2637 694 2694 πρὶν
714 2636 761 2680 δὲ
780 2638 973 2693 πελώρια
993 2638 1066 2680 νῦν
1086 2634 1245 2679 ἇῖστοῖ.

322 2737 501 2806 Quid,
537 2737 693 2811 quod
728 2737 790 2792 in
832 2735 1025 2792 Persis
1071 2736 1250 2792 etiam
1292 2754 1409 2791 non
1456 2754 1644 2810 pauca
1676 2733 1988 2790 invenietis

237 2834 560 2909 ejusmodi?
606 2833 985 2900 Meministis,
1026 2831 1309 2889 Atossam
1349 2832 1653 2908 aegerrime
1698 2829 1806 2887 sibi
1836 2836 1988 2886 tem-

236 2950 439 3011 perare
468 2950 503 2990 a
533 2930 724 2987 verbis
754 2929 909 2986 male
939 2924 1268 2986 ominatish.

644 3048 760 3094 ταῦτ’
783 3049 927 3107 ἐμοί-γε
948 3047 1108 3106 δείματ’
1130 3046 1221 3092 ἐστ’
1244 3047 1364 3099 ἶδεῖν,

588 3122 686 3178 ὑμῖν
706 3120 742 3165 δ’
763 3120 943 3165 ἀκούειν·
967 3120 1014 3165 εὖ
1032 3121 1116 3178 γὰρ
1136 3118 1250 3172 ἴστε,
1270 3122 1371 3165 παῖς
1391 3118 1492 3174 ε’μὸς

585 3193 752 3250 πράξας
771 3193 849 3249 μὲν
868 3192 915 3236 εὖ
936 3192 1184 3249 θαυμαστὸς
1202 3190 1253 3235 ἂν
1272 3189 1425 3249 γενοίτ’
1447 3188 1568 3245 ἀνήρ,

587 3270 722 3311 κακῶς
741 3265 790 3309 δὲ
808 3266 988 3322 πράξας,
1010 3266 1085 3308 οὐκ
1105 3262 1338 3312 ὑπεύθυνος
1356 3264 1497 3313 πόλει,

585 3337 742 3386 σωθεὶς
761 3336 797 3381 δ’
821 3338 974 3394 ὁμοίως
994 3337 1128 3393 τῆσδε
1147 3337 1333 3393 κοιρανεῖ
1351 3334 1522 3392 χθόνος.

354 3482 368 3499 ⁶
400 3475 544 3518 Prom.
574 3446 670 3531 194.
982 3473 1005 3504 d
1038 3474 1141 3516 Ver.
1165 3488 1236 3530 49.
1576 3478 1598 3502 e
1629 3472 1733 3515 Ver.
1758 3485 1859 3530 409.

469 3551 486 3581 f
511 3546 616 3589 Ver.
639 3559 711 3603 33.
949 3553 973 3584 8
1004 3546 1108 3588 Ver.
1129 3557 1227 3600 153.
1466 3542 1483 3569 ¹¹
1515 3543 1638 3587 Pers.
1663 3555 1764 3600 215.
