2320 4126
273 247 429 285 pnsum.
449 238 596 285 x'vm'.
717 226 912 286 Fatum
934 251 969 286 a
1000 226 1375 303 Olyioemnestra
1398 234 1528 286 male
1550 224 1796 286 eoecusdri.
1917 235 2019 285 321

737 371 974 423 παναιτίου,
996 369 1251 429 πανεργέτα.

739 443 783 487 τί
800 443 884 501 γάρ
902 445 1080 500 βροτὸις
1097 442 1196 487 «ivea
1217 443 1320 488 Διὸς

739 514 926 559 τελεῖται
937 533 952 568 ;
984 514 1031 559 τί
1039 513 1169 582 ’τῶνδ’

737 588 793 631 οὗ
809 583 1067 645 θεόκραντόν
1079 587 1201 632 ἐστιν
1212 594 1230 638 3³

273 674 504 760 Regina
533 673 761 750 deinde,
785 683 1023 740 horrore
1052 684 1291 759 percita,
1312 690 1482 742 Suam
1514 693 1701 759 usque
1732 695 1803 741 eo
1826 691 2029 759 perso--

268 790 404 837 nam
442 779 625 847 exuit,
656 785 725 835 ut
755 792 817 836 se
846 785 1025 855 neget
1064 779 1397 851 habendam
1428 799 1556 837 esse
1586 799 1792 838 revera
1820 781 2023 856 conju-

268 894 406 954 gem
431 875 914 953 AgamemnoniS,
940 877 1123 933 immo
1154 895 1294 933 vero
1323 877 1507 954 fingat
1537 876 1805 947 umbram
1839 897 2022 952 quan-

270 973 406 1029 dam
420 968 596 1030 Atrei
618 966 904 1040 furialem,
915 971 1388 1049 Clytaemnestrae
1412 964 1790 1040 simillimam,
1809 973 1871 1030 in
1893 975 2025 1050 ejus

267 1064 463 1127 Iocum
495 1066 752 1137 cessisse,
785 1073 846 1127 et
875 1070 1134 1127 immane
1163 1077 1530 1145 perpetrasse
1561 1069 1888 1146 flagitium,-

734 1170 880 1228 αὐχεῖς
900 1167 1006 1214 εἶναι
1025 1170 1124 1214 τόδε
1144 1168 1330 1228 τοῦργον
1350 1171 1453 1227 ἐμόν
1464 1189 1481 1222 54

733 1242 791 1299 μὴ
813 1241 849 1286 δ’
872 1242 1106 1300 ἐπιλεχθῇς

731 1304 1066 1373 ’Ἀγαμεμνονίαν
1081 1313 1186 1364 εἶναι
1205 1314 1248 1371 μ’
1270 1315 1449 1372 ἄλοχον.

737 1387 1061 1443 φανταζόμενος
1082 1377 1128 1430 δὲ
1149 1386 1315 1447 γυναικὶ
1337 1388 1489 1444 νεκροῦ

734 1455 865 1510 τοῦδ’,
887 1459 912 1501 ὁ
931 1454 1116 1503 παλαιὸς
1138 1457 1287 1515 δριμὺς
1306 1448 1518 1513 ἀλάστωρ

731 1528 930 1588 Ἀτρέως,
951 1532 1149 1587 χαλεποῦ
1170 1530 1432 1588 θοινατῆρος,

730 1602 842 1647 τόνδ’
863 1602 1098 1655 ἀπέτισεν,.
1115 1637 1126 1648 .
1146 1636 1157 1647 .
1174 1637 1184 1647 .

730 1669 882 1719 τέλεον
901 1677 1068 1733 νεαροῖς
1087 1672 1309 1720 ἐπιθύσας.

266 1760 512 1827 Habent
558 1769 671 1826 ista
708 1763 1196 1845 significationem
1239 1758 1675 1825 acerbissimam
1717 1767 2017 1825 conscien-

263 1866 367 1924 t'iae
409 1876 611 1923 morsu
660 1866 892 1922 interno
942 1857 1251 1932 l'aceratae3
1316 1864 1416 1921 sed
1442 1866 1730 1940 expressis
1775 1873 2017 1922 cavetur

264 1962 471 2031 verbis,
501 1982 577 2020 ne
607 1954 777 2029 forte,
809 1963 1120 2020 commisso
1156 1961 1397 2038 flagitio,
1429 1963 1761 2038 acquiescat
1806 1963 2016 2038 aliquis

264 2061 325 2116 in
354 2053 684 2118 istiusmodi
714 2060 1028 2117 dementia.

589 2203 594 2207 x
672 2160 729 2204 ὧς
746 2159 826 2227 μὲν
844 2159 1030 2204 ἀναίτιος
1050 2156 1091 2203 εἷ
1109 2159 1166 2203 σὺ
1310 2222 1312 2226 ,

672 2232 798 2276 τοῦδε
818 2233 972 2290 φόνου,
993 2232 1058 2276 τίς
1078 2233 1107 2274 ὁ
1121 2228 1408 2289 μαρτυρήσων
1420 2237 1439 2283 3'

670 2309 787 2356 πῶς;
818 2309 935 2356 ndis-3
968 2304 1183 2361 πατρόθεν
1204 2303 1251 2347 δὲ
1274 2302 1449 2359 συλλή-

672 2396 792 2436 πτωρ
812 2376 965 2436 γένοιτ’
987 2375 1038 2421 ἂν
1058 2377 1280 2434 ἀλάστωρ.

345 2467 504 2541 Quid
549 2472 782 2530 multa?
850 2472 1093 2548 Optime
1145 2472 1258 2528 hoc
1309 2470 1441 2527 loco
1491 2457 1824 2547 AEschylus,
1878 2492 2011 2546 quae

262 2576 390 2626 erat
447 2569 572 2644 ejus
642 2570 977 2645 prudentia,
1033 2567 1342 2643 conjunxit
1401 2567 1643 2624 fatalem
1683 2568 1869 2643 ,illum
1943 2589 2011 2626 ac

260 2666 548 2742 tragicum
601 2671 884 2722 terrorem
931 2685 1067 2722 cum
1111 2664 1422 2721 elementis
1471 2683 1627 2722 verae
1672 2666 2011 2741 sapientiae3

260 2780 396 2819 cum
461 2763 688 2832 doceat,
747 2781 873 2820 rem
932 2780 1228 2837 quamque
1293 2779 1571 2836 magnam
1628 2769 1690 2818 et
1747 2769 2009 2819 atrocem

261 2879 454 2935 neque
474 2876 586 2936 per
616 2858 793 2926 Deos,
823 2878 934 2916 nec
962 2858 1088 2915 sine
1117 2858 1249 2915 Diis
1278 2858 1374 2934 agi
1402 2875 1593 2933 posse,

343 2954 502 3023 Quin
540 2962 602 3012 et
644 2956 707 3011 in
744 2953 1076 3033 Χοηφόροις
1118 2972 1375 3029 quoque,
1414 2953 1514 3010 ubi
1558 2946 1723 3010 venit
1767 2952 2009 3012 tandem

260 3050 518 3123 Orestes,
547 3052 674 3127 ipso
703 3052 830 3126 jam
861 3070 1054 3127 poenae
1083 3049 1353 3120 articulo,
1384 3057 1599 3126 purgat
1634 3068 1696 3107 se
1727 3049 2010 3126 Clytaem-

258 3154 456 3205 nestra
483 3147 785 3204 mentione
816 3146 949 3205 Fati
958 3155 1002 3203 q.

273 3285 275 3287 .
666 3247 691 3303 ἡ
711 3250 842 3306 μοῖρα
860 3246 1035 3299 τούτων,
1057 3247 1091 3290 ὦ·
1111 3246 1271 3298 τέκνον,
1292 3245 1509 3303 παραίτια.

260 3340 499 3417 Excipit
529 3339 788 3409 Orestes,

667 3455 735 3498 καὶ
755 3455 879 3499 τόνδε
899 3455 1041 3500 τοίνυν
1051 3453 1164 3512 μοῖρ’
1187 3454 1423 3510 ἐπόρσυνεν
1441 3455 1590 3510 μόροῑν.ι

949 3575 973 3606 ‘1
1009 3567 1193 3625 Choeph.
1211 3580 1313 3624 910.

1108 3659 1149 3699 Y
