<?xml version="1.0" encoding="UTF-8"?>
<!DOCTYPE html PUBLIC "-//W3C//DTD XHTML 1.0 Transitional//EN"
    "http://www.w3.org/TR/xhtml1/DTD/xhtml1-transitional.dtd">
<html xmlns="http://www.w3.org/1999/xhtml" xml:lang="en" lang="en">
 <head>
  <title>
</title>
<meta http-equiv="Content-Type" content="text/html;charset=utf-8" />
  <meta name='ocr-system' content='tesseract 3.04.00' />
  <meta name='ocr-capabilities' content='ocr_page ocr_carea ocr_par ocr_line ocrx_word'/>
</head>
<body>
  <div class='ocr_page' id='page_1' title='image "./a588873901kebluoft_0291.png"; bbox 0 0 2320 4126; ppageno 0'>
   <div class='ocr_carea' id='block_1_1' title="bbox 203 221 1948 291">
    <p class='ocr_par' dir='ltr' id='par_1_1' title="bbox 203 221 1948 291">
     <span class='ocr_line' id='line_1_1' title="bbox 203 221 1948 291; baseline -0.002 -15"><span class='ocrx_word' id='word_1_1' title='bbox 203 244 357 279; x_wconf 81' lang='lat' dir='ltr'>PRAEL.</span> <span class='ocrx_word' id='word_1_2' title='bbox 376 245 484 278; x_wconf 75' lang='lat' dir='ltr'>xvi.</span> <span class='ocrx_word' id='word_1_3' title='bbox 559 226 700 277; x_wconf 74' lang='lat' dir='ltr'>Bono</span> <span class='ocrx_word' id='word_1_4' title='bbox 727 225 950 287; x_wconf 65' lang='lat' dir='ltr'>Poe-5608,</span> <span class='ocrx_word' id='word_1_5' title='bbox 978 221 1317 291; x_wconf 72' lang='lat' dir='ltr'>multiplicari</span> <span class='ocrx_word' id='word_1_6' title='bbox 1343 223 1586 273; x_wconf 75' lang='lat' dir='ltr'><em>Lectores.</em></span> <span class='ocrx_word' id='word_1_7' title='bbox 1847 224 1948 274; x_wconf 67' lang='lat'>,⁶281</span> 
     </span>
    </p>
   </div>
   <div class='ocr_carea' id='block_1_2' title="bbox 204 364 1971 3610">
    <p class='ocr_par' dir='ltr' id='par_1_2' title="bbox 204 364 1965 1694">
     <span class='ocr_line' id='line_1_2' title="bbox 205 364 1954 441; baseline -0.004 -13"><span class='ocrx_word' id='word_1_8' title='bbox 205 380 273 428; x_wconf 91' lang='lat' dir='ltr'>ut</span> <span class='ocrx_word' id='word_1_9' title='bbox 314 388 466 427; x_wconf 87' lang='lat' dir='ltr'>unus</span> <span class='ocrx_word' id='word_1_10' title='bbox 515 375 578 425; x_wconf 92' lang='lat' dir='ltr'>et</span> <span class='ocrx_word' id='word_1_11' title='bbox 627 368 778 425; x_wconf 93' lang='lat' dir='ltr'>alter</span> <span class='ocrx_word' id='word_1_12' title='bbox 820 375 1041 434; x_wconf 87' lang='lat' dir='ltr'>eorum,</span> <span class='ocrx_word' id='word_1_13' title='bbox 1087 367 1209 441; x_wconf 73' lang='lat' dir='ltr'>qui,</span> <span class='ocrx_word' id='word_1_14' title='bbox 1238 366 1313 423; x_wconf 91' lang='lat' dir='ltr'>ad</span> <span class='ocrx_word' id='word_1_15' title='bbox 1362 364 1608 422; x_wconf 75' lang='lat' dir='ltr'>meliora</span> <span class='ocrx_word' id='word_1_16' title='bbox 1652 365 1769 421; x_wconf 88' lang='lat' dir='ltr'>sint</span> <span class='ocrx_word' id='word_1_17' title='bbox 1812 365 1954 431; x_wconf 87' lang='lat' dir='ltr'>nati,</span> 
     </span>
     <span class='ocr_line' id='line_1_3' title="bbox 204 460 1957 539; baseline -0.004 -16"><span class='ocrx_word' id='word_1_18' title='bbox 204 466 425 524; x_wconf 88' lang='lat' dir='ltr'>desidia</span> <span class='ocrx_word' id='word_1_19' title='bbox 474 471 696 539; x_wconf 75' lang='lat' dir='ltr'>cathS,</span> <span class='ocrx_word' id='word_1_20' title='bbox 739 464 1052 520; x_wconf 88' lang='lat' dir='ltr'>imitatoris</span> <span class='ocrx_word' id='word_1_21' title='bbox 1097 470 1294 539; x_wconf 87' lang='lat' dir='ltr'>partes</span> <span class='ocrx_word' id='word_1_22' title='bbox 1345 463 1585 519; x_wconf 90' lang='lat' dir='ltr'>subeat:</span> <span class='ocrx_word' id='word_1_23' title='bbox 1652 467 1714 517; x_wconf 89' lang='lat' dir='ltr'>at</span> <span class='ocrx_word' id='word_1_24' title='bbox 1763 460 1957 517; x_wconf 90' lang='lat' dir='ltr'>multo</span> 
     </span>
     <span class='ocr_line' id='line_1_4' title="bbox 204 556 1959 637; baseline -0.003 -20"><span class='ocrx_word' id='word_1_25' title='bbox 204 562 399 637; x_wconf 86' lang='lat' dir='ltr'>plures</span> <span class='ocrx_word' id='word_1_26' title='bbox 457 567 656 616; x_wconf 90' lang='lat' dir='ltr'>tamen</span> <span class='ocrx_word' id='word_1_27' title='bbox 716 559 1015 616; x_wconf 81' lang='lat' dir='ltr'>exstitisse</span> <span class='ocrx_word' id='word_1_28' title='bbox 1065 578 1170 633; x_wconf 91' lang='lat' dir='ltr'>par</span> <span class='ocrx_word' id='word_1_29' title='bbox 1227 565 1335 624; x_wconf 86' lang='lat' dir='ltr'>est,</span> <span class='ocrx_word' id='word_1_30' title='bbox 1394 556 1495 632; x_wconf 93' lang='lat' dir='ltr'>qui</span> <span class='ocrx_word' id='word_1_31' title='bbox 1559 576 1635 612; x_wconf 94' lang='lat' dir='ltr'>ne</span> <span class='ocrx_word' id='word_1_32' title='bbox 1691 563 1959 612; x_wconf 90' lang='lat' dir='ltr'>tacerent</span> 
     </span>
     <span class='ocr_line' id='line_1_5' title="bbox 204 652 1961 734; baseline -0.003 -20"><span class='ocrx_word' id='word_1_33' title='bbox 204 676 435 734; x_wconf 88' lang='lat' dir='ltr'>prorsus</span> <span class='ocrx_word' id='word_1_34' title='bbox 464 656 721 732; x_wconf 83' lang='lat' dir='ltr'>indigne,</span> <span class='ocrx_word' id='word_1_35' title='bbox 752 657 976 713; x_wconf 89' lang='lat' dir='ltr'>factum</span> <span class='ocrx_word' id='word_1_36' title='bbox 1007 663 1098 712; x_wconf 90' lang='lat' dir='ltr'>est</span> <span class='ocrx_word' id='word_1_37' title='bbox 1132 674 1238 730; x_wconf 91' lang='lat' dir='ltr'>per</span> <span class='ocrx_word' id='word_1_38' title='bbox 1275 655 1490 712; x_wconf 92' lang='lat' dir='ltr'>librum</span> <span class='ocrx_word' id='word_1_39' title='bbox 1521 653 1777 727; x_wconf 85' lang='lat' dir='ltr'>aliquem</span> <span class='ocrx_word' id='word_1_40' title='bbox 1809 652 1961 709; x_wconf 90' lang='lat' dir='ltr'>forte</span> 
     </span>
     <span class='ocr_line' id='line_1_6' title="bbox 205 748 1962 827; baseline -0.003 -17"><span class='ocrx_word' id='word_1_41' title='bbox 205 754 487 819; x_wconf 88' lang='lat' dir='ltr'>oblatum,</span> <span class='ocrx_word' id='word_1_42' title='bbox 533 752 626 808; x_wconf 93' lang='lat' dir='ltr'>vel</span> <span class='ocrx_word' id='word_1_43' title='bbox 670 753 850 809; x_wconf 90' lang='lat' dir='ltr'>etiam</span> <span class='ocrx_word' id='word_1_44' title='bbox 895 751 1027 808; x_wconf 88' lang='lat' dir='ltr'>libri</span> <span class='ocrx_word' id='word_1_45' title='bbox 1071 751 1440 827; x_wconf 82' lang='lat' dir='ltr'>particulam.</span> <span class='ocrx_word' id='word_1_46' title='bbox 1527 749 1727 819; x_wconf 69' lang='lat' dir='ltr'>Quid?</span> <span class='ocrx_word' id='word_1_47' title='bbox 1818 748 1962 806; x_wconf 84' lang='lat' dir='ltr'>Sco-</span> 
     </span>
     <span class='ocr_line' id='line_1_7' title="bbox 204 845 1959 925; baseline -0.003 -18"><span class='ocrx_word' id='word_1_48' title='bbox 204 855 399 907; x_wconf 92' lang='lat' dir='ltr'>torum</span> <span class='ocrx_word' id='word_1_49' title='bbox 449 849 549 907; x_wconf 92' lang='lat' dir='ltr'>ille</span> <span class='ocrx_word' id='word_1_50' title='bbox 599 849 869 925; x_wconf 87' lang='lat' dir='ltr'>princeps</span> <span class='ocrx_word' id='word_1_51' title='bbox 915 855 1240 923; x_wconf 87' lang='lat' dir='ltr'>poetarum,</span> <span class='ocrx_word' id='word_1_52' title='bbox 1296 849 1397 923; x_wconf 93' lang='lat' dir='ltr'>qui</span> <span class='ocrx_word' id='word_1_53' title='bbox 1443 849 1485 905; x_wconf 90' lang='lat' dir='ltr'>si</span> <span class='ocrx_word' id='word_1_54' title='bbox 1534 848 1663 922; x_wconf 93' lang='lat' dir='ltr'>quis</span> <span class='ocrx_word' id='word_1_55' title='bbox 1706 845 1856 903; x_wconf 90' lang='lat' dir='ltr'>alius</span> <span class='ocrx_word' id='word_1_56' title='bbox 1898 846 1959 902; x_wconf 93' lang='lat' dir='ltr'>in</span> 
     </span>
     <span class='ocr_line' id='line_1_8' title="bbox 205 945 1958 1023; baseline -0.003 -19"><span class='ocrx_word' id='word_1_57' title='bbox 205 947 436 1023; x_wconf 91' lang='lat' dir='ltr'>poetica</span> <span class='ocrx_word' id='word_1_58' title='bbox 475 965 592 1003; x_wconf 85' lang='lat' dir='ltr'>suae</span> <span class='ocrx_word' id='word_1_59' title='bbox 625 945 807 1020; x_wconf 91' lang='lat' dir='ltr'>(quod</span> <span class='ocrx_word' id='word_1_60' title='bbox 847 946 1039 1013; x_wconf 91' lang='lat' dir='ltr'>aiunt)</span> <span class='ocrx_word' id='word_1_61' title='bbox 1080 945 1328 1001; x_wconf 80' lang='lat' dir='ltr'>fortunae</span> <span class='ocrx_word' id='word_1_62' title='bbox 1367 945 1532 1002; x_wconf 87' lang='lat' dir='ltr'>faber</span> <span class='ocrx_word' id='word_1_63' title='bbox 1575 950 1718 1010; x_wconf 89' lang='lat' dir='ltr'>erat,</span> <span class='ocrx_word' id='word_1_64' title='bbox 1763 961 1958 999; x_wconf 90' lang='lat' dir='ltr'>nonne</span> 
     </span>
     <span class='ocr_line' id='line_1_9' title="bbox 206 1039 1959 1117; baseline -0.002 -18"><span class='ocrx_word' id='word_1_65' title='bbox 206 1050 268 1100; x_wconf 91' lang='lat' dir='ltr'>et</span> <span class='ocrx_word' id='word_1_66' title='bbox 310 1044 453 1117; x_wconf 90' lang='lat' dir='ltr'>ipse,</span> <span class='ocrx_word' id='word_1_67' title='bbox 482 1061 629 1117; x_wconf 92' lang='lat' dir='ltr'>puer</span> <span class='ocrx_word' id='word_1_68' title='bbox 664 1060 799 1098; x_wconf 93' lang='lat' dir='ltr'>cum</span> <span class='ocrx_word' id='word_1_69' title='bbox 840 1048 1011 1110; x_wconf 90' lang='lat' dir='ltr'>esset,</span> <span class='ocrx_word' id='word_1_70' title='bbox 1042 1042 1189 1098; x_wconf 92' lang='lat' dir='ltr'>mire</span> <span class='ocrx_word' id='word_1_71' title='bbox 1225 1040 1583 1098; x_wconf 83' lang='lat' dir='ltr'>commoveri</span> <span class='ocrx_word' id='word_1_72' title='bbox 1614 1046 1705 1096; x_wconf 89' lang='lat' dir='ltr'>est</span> <span class='ocrx_word' id='word_1_73' title='bbox 1735 1039 1959 1106; x_wconf 89' lang='lat' dir='ltr'>solitus,</span> 
     </span>
     <span class='ocr_line' id='line_1_10' title="bbox 206 1136 1961 1216; baseline -0.001 -21"><span class='ocrx_word' id='word_1_74' title='bbox 206 1139 468 1216; x_wconf 87' lang='lat' dir='ltr'>legendis</span> <span class='ocrx_word' id='word_1_75' title='bbox 511 1139 581 1195; x_wconf 92' lang='lat' dir='ltr'>iis</span> <span class='ocrx_word' id='word_1_76' title='bbox 624 1139 724 1213; x_wconf 91' lang='lat' dir='ltr'>qui</span> <span class='ocrx_word' id='word_1_77' title='bbox 777 1150 915 1194; x_wconf 91' lang='lat' dir='ltr'>ante</span> <span class='ocrx_word' id='word_1_78' title='bbox 967 1157 1028 1195; x_wconf 91' lang='lat' dir='ltr'>se</span> <span class='ocrx_word' id='word_1_79' title='bbox 1071 1137 1318 1194; x_wconf 88' lang='lat' dir='ltr'>flumina</span> <span class='ocrx_word' id='word_1_80' title='bbox 1366 1137 1673 1213; x_wconf 86' lang='lat' dir='ltr'>sylvasque</span> <span class='ocrx_word' id='word_1_81' title='bbox 1725 1136 1961 1213; x_wconf 84' lang='lat' dir='ltr'>egregie</span> 
     </span>
     <span class='ocr_line' id='line_1_11' title="bbox 205 1233 1963 1309; baseline -0.002 -18"><span class='ocrx_word' id='word_1_82' title='bbox 205 1233 629 1291; x_wconf 72' lang='lat' dir='ltr'>laudaverant?</span> <span class='ocrx_word' id='word_1_83' title='bbox 719 1233 885 1289; x_wconf 91' lang='lat' dir='ltr'>Num</span> <span class='ocrx_word' id='word_1_84' title='bbox 930 1253 1069 1309; x_wconf 89' lang='lat' dir='ltr'>ergo</span> <span class='ocrx_word' id='word_1_85' title='bbox 1115 1233 1436 1309; x_wconf 86' lang='lat' dir='ltr'>languebat</span> <span class='ocrx_word' id='word_1_86' title='bbox 1476 1233 1602 1308; x_wconf 87' lang='lat' dir='ltr'>ejus</span> <span class='ocrx_word' id='word_1_87' title='bbox 1647 1252 1779 1300; x_wconf 85' lang='lat' dir='ltr'>vox,</span> <span class='ocrx_word' id='word_1_88' title='bbox 1823 1250 1963 1289; x_wconf 91' lang='lat' dir='ltr'>cum</span> 
     </span>
     <span class='ocr_line' id='line_1_12' title="bbox 206 1327 1963 1404; baseline -0.002 -18"><span class='ocrx_word' id='word_1_89' title='bbox 206 1330 422 1386; x_wconf 69' lang='lat' dir='ltr'>de&#39;suo</span> <span class='ocrx_word' id='word_1_90' title='bbox 457 1348 667 1387; x_wconf 91' lang='lat' dir='ltr'>canere</span> <span class='ocrx_word' id='word_1_91' title='bbox 706 1330 1031 1404; x_wconf 71' lang='lat' dir='ltr'>inciperet?</span> <span class='ocrx_word' id='word_1_92' title='bbox 1119 1329 1603 1404; x_wconf 82' lang='lat' dir='ltr'>Quotusquisque</span> <span class='ocrx_word' id='word_1_93' title='bbox 1644 1347 1774 1385; x_wconf 92' lang='lat' dir='ltr'>eam</span> <span class='ocrx_word' id='word_1_94' title='bbox 1806 1327 1963 1384; x_wconf 89' lang='lat' dir='ltr'>viam</span> 
     </span>
     <span class='ocr_line' id='line_1_13' title="bbox 206 1425 1965 1502; baseline -0.002 -19"><span class='ocrx_word' id='word_1_95' title='bbox 206 1427 315 1483; x_wconf 89' lang='lat' dir='ltr'>sibi</span> <span class='ocrx_word' id='word_1_96' title='bbox 344 1427 566 1502; x_wconf 89' lang='lat' dir='ltr'>primus</span> <span class='ocrx_word' id='word_1_97' title='bbox 594 1425 888 1482; x_wconf 89' lang='lat' dir='ltr'>inveniet!</span> <span class='ocrx_word' id='word_1_98' title='bbox 934 1427 1236 1482; x_wconf 87' lang='lat' dir='ltr'>inventam</span> <span class='ocrx_word' id='word_1_99' title='bbox 1266 1432 1468 1481; x_wconf 90' lang='lat' dir='ltr'>autem</span> <span class='ocrx_word' id='word_1_100' title='bbox 1509 1433 1571 1482; x_wconf 92' lang='lat' dir='ltr'>et</span> <span class='ocrx_word' id='word_1_101' title='bbox 1607 1426 1886 1481; x_wconf 87' lang='lat' dir='ltr'>traditam</span> <span class='ocrx_word' id='word_1_102' title='bbox 1929 1441 1965 1480; x_wconf 88' lang='lat' dir='ltr'>a</span> 
     </span>
     <span class='ocr_line' id='line_1_14' title="bbox 207 1521 1964 1598; baseline -0.002 -19"><span class='ocrx_word' id='word_1_103' title='bbox 207 1522 524 1598; x_wconf 90' lang='lat' dir='ltr'>majoribus</span> <span class='ocrx_word' id='word_1_104' title='bbox 571 1541 792 1590; x_wconf 82' lang='lat' dir='ltr'>omneS,</span> <span class='ocrx_word' id='word_1_105' title='bbox 846 1524 1037 1590; x_wconf 79' lang='lat' dir='ltr'>crede,</span> <span class='ocrx_word' id='word_1_106' title='bbox 1097 1541 1326 1579; x_wconf 88' lang='lat' dir='ltr'>servare</span> <span class='ocrx_word' id='word_1_107' title='bbox 1384 1528 1682 1597; x_wconf 85' lang='lat' dir='ltr'>poterunt,</span> <span class='ocrx_word' id='word_1_108' title='bbox 1735 1521 1836 1595; x_wconf 91' lang='lat' dir='ltr'>qui</span> <span class='ocrx_word' id='word_1_109' title='bbox 1887 1538 1964 1577; x_wconf 84' lang='lat' dir='ltr'>ex</span> 
     </span>
     <span class='ocr_line' id='line_1_15' title="bbox 207 1617 1240 1694; baseline 0 -21"><span class='ocrx_word' id='word_1_110' title='bbox 207 1617 328 1674; x_wconf 90' lang='lat' dir='ltr'>ulla</span> <span class='ocrx_word' id='word_1_111' title='bbox 357 1625 522 1693; x_wconf 91' lang='lat' dir='ltr'>parte</span> <span class='ocrx_word' id='word_1_112' title='bbox 552 1619 641 1675; x_wconf 88' lang='lat' dir='ltr'>sui</span> <span class='ocrx_word' id='word_1_113' title='bbox 673 1617 885 1675; x_wconf 88' lang='lat' dir='ltr'>Poesin</span> <span class='ocrx_word' id='word_1_114' title='bbox 917 1620 1240 1694; x_wconf 89' lang='lat' dir='ltr'>attingunt.</span> 
     </span>
    </p>

    <p class='ocr_par' dir='ltr' id='par_1_3' title="bbox 206 1711 1970 2750">
     <span class='ocr_line' id='line_1_16' title="bbox 292 1711 1962 1788; baseline -0.002 -18"><span class='ocrx_word' id='word_1_115' title='bbox 292 1713 474 1771; x_wconf 90' lang='lat' dir='ltr'>Porro</span> <span class='ocrx_word' id='word_1_116' title='bbox 526 1733 644 1771; x_wconf 91' lang='lat' dir='ltr'>non</span> <span class='ocrx_word' id='word_1_117' title='bbox 691 1714 1007 1771; x_wconf 90' lang='lat' dir='ltr'>verisimile</span> <span class='ocrx_word' id='word_1_118' title='bbox 1052 1722 1157 1781; x_wconf 87' lang='lat' dir='ltr'>est,</span> <span class='ocrx_word' id='word_1_119' title='bbox 1204 1732 1382 1788; x_wconf 91' lang='lat' dir='ltr'>quam</span> <span class='ocrx_word' id='word_1_120' title='bbox 1417 1712 1628 1768; x_wconf 74' lang='lat' dir='ltr'>&#39;valide</span> <span class='ocrx_word' id='word_1_121' title='bbox 1672 1711 1962 1768; x_wconf 92' lang='lat' dir='ltr'>latentem</span> 
     </span>
     <span class='ocr_line' id='line_1_17' title="bbox 206 1807 1965 1887; baseline -0.002 -20"><span class='ocrx_word' id='word_1_122' title='bbox 206 1810 445 1867; x_wconf 86' lang='lat' dir='ltr'>eliciant</span> <span class='ocrx_word' id='word_1_123' title='bbox 487 1810 739 1868; x_wconf 89' lang='lat' dir='ltr'>calorem</span> <span class='ocrx_word' id='word_1_124' title='bbox 772 1810 1014 1887; x_wconf 82' lang='lat' dir='ltr'>singulae</span> <span class='ocrx_word' id='word_1_125' title='bbox 1052 1830 1203 1886; x_wconf 79' lang='lat' dir='ltr'>saepe</span> <span class='ocrx_word' id='word_1_126' title='bbox 1234 1829 1407 1866; x_wconf 88' lang='lat' dir='ltr'>voces</span> <span class='ocrx_word' id='word_1_127' title='bbox 1444 1815 1548 1866; x_wconf 88' lang='lat' dir='ltr'>aut</span> <span class='ocrx_word' id='word_1_128' title='bbox 1579 1807 1965 1878; x_wconf 80' lang='lat' dir='ltr'>sententiolae,</span> 
     </span>
     <span class='ocr_line' id='line_1_18' title="bbox 208 1902 1966 1981; baseline -0.002 -20"><span class='ocrx_word' id='word_1_129' title='bbox 208 1905 330 1961; x_wconf 89' lang='lat' dir='ltr'>sive</span> <span class='ocrx_word' id='word_1_130' title='bbox 374 1904 555 1962; x_wconf 92' lang='lat' dir='ltr'>etiam</span> <span class='ocrx_word' id='word_1_131' title='bbox 599 1904 950 1981; x_wconf 90' lang='lat' dir='ltr'>syllabarum</span> <span class='ocrx_word' id='word_1_132' title='bbox 992 1906 1135 1972; x_wconf 87' lang='lat' dir='ltr'>soni,</span> <span class='ocrx_word' id='word_1_133' title='bbox 1166 1911 1433 1979; x_wconf 90' lang='lat' dir='ltr'>tempore</span> <span class='ocrx_word' id='word_1_134' title='bbox 1474 1921 1578 1959; x_wconf 90' lang='lat' dir='ltr'>suo</span> <span class='ocrx_word' id='word_1_135' title='bbox 1616 1902 1869 1959; x_wconf 89' lang='lat' dir='ltr'>feliciter</span> <span class='ocrx_word' id='word_1_136' title='bbox 1903 1902 1966 1958; x_wconf 91' lang='lat' dir='ltr'>in</span> 
     </span>
     <span class='ocr_line' id='line_1_19' title="bbox 207 2000 1967 2077; baseline -0.002 -19"><span class='ocrx_word' id='word_1_137' title='bbox 207 2020 376 2058; x_wconf 89' lang='lat' dir='ltr'>aures</span> <span class='ocrx_word' id='word_1_138' title='bbox 419 2000 617 2058; x_wconf 91' lang='lat' dir='ltr'>delati.</span> <span class='ocrx_word' id='word_1_139' title='bbox 707 2000 1126 2077; x_wconf 89' lang='lat' dir='ltr'>Multiplicatis</span> <span class='ocrx_word' id='word_1_140' title='bbox 1185 2007 1387 2057; x_wconf 89' lang='lat' dir='ltr'>autem</span> <span class='ocrx_word' id='word_1_141' title='bbox 1429 2017 1779 2075; x_wconf 89' lang='lat' dir='ltr'>magnorum</span> <span class='ocrx_word' id='word_1_142' title='bbox 1827 2016 1967 2073; x_wconf 88' lang='lat' dir='ltr'>poe-</span> 
     </span>
     <span class='ocr_line' id='line_1_20' title="bbox 209 2095 1968 2173; baseline -0.001 -21"><span class='ocrx_word' id='word_1_143' title='bbox 209 2103 401 2154; x_wconf 93' lang='lat' dir='ltr'>tarum</span> <span class='ocrx_word' id='word_1_144' title='bbox 438 2097 618 2166; x_wconf 83' lang='lat' dir='ltr'>libris,</span> <span class='ocrx_word' id='word_1_145' title='bbox 661 2098 894 2173; x_wconf 87' lang='lat' dir='ltr'>pariter,</span> <span class='ocrx_word' id='word_1_146' title='bbox 927 2104 995 2154; x_wconf 93' lang='lat' dir='ltr'>ut</span> <span class='ocrx_word' id='word_1_147' title='bbox 1041 2097 1232 2172; x_wconf 89' lang='lat' dir='ltr'>quivis</span> <span class='ocrx_word' id='word_1_148' title='bbox 1273 2097 1451 2164; x_wconf 89' lang='lat' dir='ltr'>videt,</span> <span class='ocrx_word' id='word_1_149' title='bbox 1494 2095 1968 2170; x_wconf 88' lang='lat' dir='ltr'>multiplicantur</span> 
     </span>
     <span class='ocr_line' id='line_1_21' title="bbox 208 2190 1967 2269; baseline -0.001 -20"><span class='ocrx_word' id='word_1_150' title='bbox 208 2195 677 2268; x_wconf 87' lang='lat' dir='ltr'>opportunitates</span> <span class='ocrx_word' id='word_1_151' title='bbox 722 2195 1026 2269; x_wconf 86' lang='lat' dir='ltr'>ejusmodi.</span> <span class='ocrx_word' id='word_1_152' title='bbox 1131 2193 1289 2262; x_wconf 82' lang='lat' dir='ltr'>Quid</span> <span class='ocrx_word' id='word_1_153' title='bbox 1335 2191 1565 2249; x_wconf 74' lang='lat' dir='ltr'>multa?</span> <span class='ocrx_word' id='word_1_154' title='bbox 1631 2192 1844 2267; x_wconf 90' lang='lat' dir='ltr'>quibus</span> <span class='ocrx_word' id='word_1_155' title='bbox 1891 2190 1967 2248; x_wconf 91' lang='lat' dir='ltr'>de</span> 
     </span>
     <span class='ocr_line' id='line_1_22' title="bbox 208 2287 1965 2365; baseline -0.001 -21"><span class='ocrx_word' id='word_1_156' title='bbox 208 2290 397 2346; x_wconf 83' lang='lat' dir='ltr'>causis</span> <span class='ocrx_word' id='word_1_157' title='bbox 427 2290 659 2347; x_wconf 90' lang='lat' dir='ltr'>evincat</span> <span class='ocrx_word' id='word_1_158' title='bbox 694 2289 923 2364; x_wconf 89' lang='lat' dir='ltr'>aliquis,</span> <span class='ocrx_word' id='word_1_159' title='bbox 955 2289 1152 2365; x_wconf 90' lang='lat' dir='ltr'>plures</span> <span class='ocrx_word' id='word_1_160' title='bbox 1182 2290 1306 2346; x_wconf 90' lang='lat' dir='ltr'>fore</span> <span class='ocrx_word' id='word_1_161' title='bbox 1341 2287 1653 2346; x_wconf 88' lang='lat' dir='ltr'>Musarum</span> <span class='ocrx_word' id='word_1_162' title='bbox 1691 2287 1965 2354; x_wconf 90' lang='lat' dir='ltr'>cultores,</span> 
     </span>
     <span class='ocr_line' id='line_1_23' title="bbox 210 2386 1969 2462; baseline -0.002 -19"><span class='ocrx_word' id='word_1_163' title='bbox 210 2386 450 2462; x_wconf 83' lang='lat' dir='ltr'>regione</span> <span class='ocrx_word' id='word_1_164' title='bbox 475 2387 602 2461; x_wconf 87' lang='lat' dir='ltr'>jam</span> <span class='ocrx_word' id='word_1_165' title='bbox 634 2386 897 2462; x_wconf 87' lang='lat' dir='ltr'>expolita</span> <span class='ocrx_word' id='word_1_166' title='bbox 935 2406 1040 2462; x_wconf 90' lang='lat' dir='ltr'>per</span> <span class='ocrx_word' id='word_1_167' title='bbox 1069 2394 1224 2443; x_wconf 90' lang='lat' dir='ltr'>artes</span> <span class='ocrx_word' id='word_1_168' title='bbox 1263 2388 1567 2462; x_wconf 86' lang='lat' dir='ltr'>ingenuas,</span> <span class='ocrx_word' id='word_1_169' title='bbox 1599 2404 1776 2459; x_wconf 89' lang='lat' dir='ltr'>quam</span> <span class='ocrx_word' id='word_1_170' title='bbox 1807 2403 1969 2440; x_wconf 86' lang='lat' dir='ltr'>coeca</span> 
     </span>
     <span class='ocr_line' id='line_1_24' title="bbox 211 2482 1970 2556; baseline -0.001 -18"><span class='ocrx_word' id='word_1_171' title='bbox 211 2489 273 2538; x_wconf 91' lang='lat' dir='ltr'>et</span> <span class='ocrx_word' id='word_1_172' title='bbox 317 2483 560 2540; x_wconf 87' lang='lat' dir='ltr'>immani</span> <span class='ocrx_word' id='word_1_173' title='bbox 595 2483 881 2550; x_wconf 88' lang='lat' dir='ltr'>barbarie,</span> <span class='ocrx_word' id='word_1_174' title='bbox 911 2484 1120 2540; x_wconf 89' lang='lat' dir='ltr'>iisdem</span> <span class='ocrx_word' id='word_1_175' title='bbox 1152 2484 1339 2539; x_wconf 88' lang='lat' dir='ltr'>ferme</span> <span class='ocrx_word' id='word_1_176' title='bbox 1370 2482 1445 2538; x_wconf 92' lang='lat' dir='ltr'>de</span> <span class='ocrx_word' id='word_1_177' title='bbox 1475 2483 1664 2539; x_wconf 89' lang='lat' dir='ltr'>causis</span> <span class='ocrx_word' id='word_1_178' title='bbox 1694 2482 1970 2556; x_wconf 91' lang='lat' dir='ltr'>primaria</span> 
     </span>
     <span class='ocr_line' id='line_1_25' title="bbox 214 2577 1970 2654; baseline 0 -20"><span class='ocrx_word' id='word_1_179' title='bbox 214 2577 433 2646; x_wconf 80' lang='lat' dir='ltr'>PoesiS,</span> <span class='ocrx_word' id='word_1_180' title='bbox 456 2586 767 2654; x_wconf 86' lang='lat' dir='ltr'>postquam</span> <span class='ocrx_word' id='word_1_181' title='bbox 792 2580 854 2635; x_wconf 94' lang='lat' dir='ltr'>in</span> <span class='ocrx_word' id='word_1_182' title='bbox 877 2579 1072 2636; x_wconf 89' lang='lat' dir='ltr'>lucem</span> <span class='ocrx_word' id='word_1_183' title='bbox 1096 2585 1157 2635; x_wconf 93' lang='lat' dir='ltr'>et</span> <span class='ocrx_word' id='word_1_184' title='bbox 1180 2580 1241 2634; x_wconf 92' lang='lat' dir='ltr'>in</span> <span class='ocrx_word' id='word_1_185' title='bbox 1265 2598 1366 2635; x_wconf 90' lang='lat' dir='ltr'>ora</span> <span class='ocrx_word' id='word_1_186' title='bbox 1386 2579 1696 2635; x_wconf 90' lang='lat' dir='ltr'>hominum</span> <span class='ocrx_word' id='word_1_187' title='bbox 1723 2577 1970 2644; x_wconf 88' lang='lat' dir='ltr'>venerit,</span> 
     </span>
     <span class='ocr_line' id='line_1_26' title="bbox 213 2674 1488 2750; baseline 0.002 -21"><span class='ocrx_word' id='word_1_188' title='bbox 213 2675 436 2730; x_wconf 86' lang='lat' dir='ltr'>radices</span> <span class='ocrx_word' id='word_1_189' title='bbox 465 2694 639 2750; x_wconf 89' lang='lat' dir='ltr'>agere</span> <span class='ocrx_word' id='word_1_190' title='bbox 668 2675 927 2750; x_wconf 85' lang='lat' dir='ltr'>incipiet,</span> <span class='ocrx_word' id='word_1_191' title='bbox 960 2682 1022 2731; x_wconf 92' lang='lat' dir='ltr'>et</span> <span class='ocrx_word' id='word_1_192' title='bbox 1051 2674 1488 2750; x_wconf 84' lang='lat' dir='ltr'>propagabitur.</span> 
     </span>
    </p>

    <p class='ocr_par' dir='ltr' id='par_1_4' title="bbox 211 2769 1971 3610">
     <span class='ocr_line' id='line_1_27' title="bbox 296 2769 1969 2847; baseline 0 -21"><span class='ocrx_word' id='word_1_193' title='bbox 296 2769 606 2827; x_wconf 90' lang='lat' dir='ltr'>Hactenus</span> <span class='ocrx_word' id='word_1_194' title='bbox 636 2772 710 2828; x_wconf 92' lang='lat' dir='ltr'>de</span> <span class='ocrx_word' id='word_1_195' title='bbox 749 2770 839 2828; x_wconf 93' lang='lat' dir='ltr'>his</span> <span class='ocrx_word' id='word_1_196' title='bbox 880 2773 1221 2847; x_wconf 88' lang='lat' dir='ltr'>conjectura</span> <span class='ocrx_word' id='word_1_197' title='bbox 1259 2790 1648 2847; x_wconf 89' lang='lat' dir='ltr'>auguramur:</span> <span class='ocrx_word' id='word_1_198' title='bbox 1695 2789 1853 2826; x_wconf 93' lang='lat' dir='ltr'>nunc</span> <span class='ocrx_word' id='word_1_199' title='bbox 1895 2769 1969 2826; x_wconf 91' lang='lat' dir='ltr'>ad</span> 
     </span>
     <span class='ocr_line' id='line_1_28' title="bbox 213 2865 1969 2942; baseline 0.001 -21"><span class='ocrx_word' id='word_1_200' title='bbox 213 2883 304 2921; x_wconf 89' lang='lat' dir='ltr'>res</span> <span class='ocrx_word' id='word_1_201' title='bbox 347 2865 516 2940; x_wconf 83' lang='lat' dir='ltr'>ipsaS,</span> <span class='ocrx_word' id='word_1_202' title='bbox 564 2867 612 2922; x_wconf 90' lang='lat' dir='ltr'>si</span> <span class='ocrx_word' id='word_1_203' title='bbox 655 2866 868 2941; x_wconf 87' lang='lat' dir='ltr'>placet,</span> <span class='ocrx_word' id='word_1_204' title='bbox 913 2868 1254 2924; x_wconf 86' lang='lat' dir='ltr'>veniamus:</span> <span class='ocrx_word' id='word_1_205' title='bbox 1313 2867 1469 2942; x_wconf 90' lang='lat' dir='ltr'>ipsos</span> <span class='ocrx_word' id='word_1_206' title='bbox 1520 2867 1969 2942; x_wconf 79' lang='lat' dir='ltr'>interrogemuS,</span> 
     </span>
     <span class='ocr_line' id='line_1_29' title="bbox 213 2963 1970 3040; baseline 0.001 -24"><span class='ocrx_word' id='word_1_207' title='bbox 213 2979 462 3034; x_wconf 91' lang='lat' dir='ltr'>quorum</span> <span class='ocrx_word' id='word_1_208' title='bbox 507 2982 682 3019; x_wconf 90' lang='lat' dir='ltr'>causa</span> <span class='ocrx_word' id='word_1_209' title='bbox 725 2964 952 3020; x_wconf 90' lang='lat' dir='ltr'>tamdiu</span> <span class='ocrx_word' id='word_1_210' title='bbox 995 2965 1205 3040; x_wconf 88' lang='lat' dir='ltr'>agitur,</span> <span class='ocrx_word' id='word_1_211' title='bbox 1252 2963 1478 3021; x_wconf 83' lang='lat' dir='ltr'>Graecae</span> <span class='ocrx_word' id='word_1_212' title='bbox 1520 2963 1792 3030; x_wconf 81' lang='lat' dir='ltr'>PoeseOS,</span> <span class='ocrx_word' id='word_1_213' title='bbox 1835 2970 1970 3037; x_wconf 92' lang='lat' dir='ltr'>post</span> 
     </span>
     <span class='ocr_line' id='line_1_30' title="bbox 215 3055 1969 3134; baseline 0.002 -23"><span class='ocrx_word' id='word_1_214' title='bbox 215 3055 565 3124; x_wconf 89' lang='lat' dir='ltr'>Homerum,</span> <span class='ocrx_word' id='word_1_215' title='bbox 610 3059 922 3115; x_wconf 76' lang='lat' dir='ltr'>antistites,</span> <span class='ocrx_word' id='word_1_216' title='bbox 1011 3059 1230 3134; x_wconf 88' lang='lat' dir='ltr'>Ecquis</span> <span class='ocrx_word' id='word_1_217' title='bbox 1259 3060 1526 3116; x_wconf 91' lang='lat' dir='ltr'>omnium</span> <span class='ocrx_word' id='word_1_218' title='bbox 1556 3066 1730 3134; x_wconf 92' lang='lat' dir='ltr'>putet</span> <span class='ocrx_word' id='word_1_219' title='bbox 1772 3058 1969 3133; x_wconf 91' lang='lat' dir='ltr'>plures</span> 
     </span>
     <span class='ocr_line' id='line_1_31' title="bbox 212 3152 1971 3231; baseline 0.003 -24"><span class='ocrx_word' id='word_1_220' title='bbox 212 3152 338 3210; x_wconf 82' lang='lat' dir='ltr'>fore</span> <span class='ocrx_word' id='word_1_221' title='bbox 385 3154 508 3209; x_wconf 92' lang='lat' dir='ltr'>sive</span> <span class='ocrx_word' id='word_1_222' title='bbox 568 3153 1021 3212; x_wconf 79' lang='lat' dir='ltr'>Pindaros&#39;sive</span> <span class='ocrx_word' id='word_1_223' title='bbox 1075 3154 1415 3231; x_wconf 82' lang='lat' dir='ltr'>AEschyIOS‚</span> <span class='ocrx_word' id='word_1_224' title='bbox 1474 3174 1579 3212; x_wconf 90' lang='lat' dir='ltr'>seu</span> <span class='ocrx_word' id='word_1_225' title='bbox 1635 3155 1764 3229; x_wconf 92' lang='lat' dir='ltr'>quis</span> <span class='ocrx_word' id='word_1_226' title='bbox 1821 3154 1971 3212; x_wconf 87' lang='lat' dir='ltr'>alius</span> 
     </span>
     <span class='ocr_line' id='line_1_32' title="bbox 214 3249 1969 3326; baseline 0.003 -23"><span class='ocrx_word' id='word_1_227' title='bbox 214 3249 414 3305; x_wconf 87' lang='lat' dir='ltr'>nativa</span> <span class='ocrx_word' id='word_1_228' title='bbox 483 3251 541 3306; x_wconf 92' lang='lat' dir='ltr'>vi</span> <span class='ocrx_word' id='word_1_229' title='bbox 607 3251 890 3325; x_wconf 90' lang='lat' dir='ltr'>prodierit</span> <span class='ocrx_word' id='word_1_230' title='bbox 962 3259 1143 3319; x_wconf 87' lang='lat' dir='ltr'>vates,</span> <span class='ocrx_word' id='word_1_231' title='bbox 1209 3253 1386 3308; x_wconf 92' lang='lat' dir='ltr'>modo</span> <span class='ocrx_word' id='word_1_232' title='bbox 1457 3270 1634 3308; x_wconf 90' lang='lat' dir='ltr'>nemo</span> <span class='ocrx_word' id='word_1_233' title='bbox 1705 3271 1969 3326; x_wconf 88' lang='lat' dir='ltr'>unquam</span> 
     </span>
     <span class='ocr_line' id='line_1_33' title="bbox 211 3340 1971 3411; baseline 0.003 -15"><span class='ocrx_word' id='word_1_234' title='bbox 211 3340 478 3401; x_wconf 86' lang='lat' dir='ltr'>inivisset</span> <span class='ocrx_word' id='word_1_235' title='bbox 522 3342 677 3399; x_wconf 91' lang='lat' dir='ltr'>viam</span> <span class='ocrx_word' id='word_1_236' title='bbox 723 3343 1062 3401; x_wconf 72' lang='lat' dir='ltr'>Homerus?</span> <span class='ocrx_word' id='word_1_237' title='bbox 1143 3345 1395 3411; x_wconf 87' lang='lat' dir='ltr'>Incerta,</span> <span class='ocrx_word' id='word_1_238' title='bbox 1441 3344 1647 3411; x_wconf 84' lang='lat' dir='ltr'>fateor,</span> <span class='ocrx_word' id='word_1_239' title='bbox 1693 3344 1806 3400; x_wconf 92' lang='lat' dir='ltr'>erit</span> <span class='ocrx_word' id='word_1_240' title='bbox 1855 3345 1971 3401; x_wconf 89' lang='lat' dir='ltr'>dis-</span> 
     </span>
     <span class='ocr_line' id='line_1_34' title="bbox 211 3438 1971 3515; baseline 0.003 -24"><span class='ocrx_word' id='word_1_241' title='bbox 211 3438 482 3510; x_wconf 80' lang='lat' dir='ltr'>putati03</span> <span class='ocrx_word' id='word_1_242' title='bbox 526 3438 628 3494; x_wconf 90' lang='lat' dir='ltr'>sed</span> <span class='ocrx_word' id='word_1_243' title='bbox 659 3445 857 3495; x_wconf 91' lang='lat' dir='ltr'>tamen</span> <span class='ocrx_word' id='word_1_244' title='bbox 904 3440 1042 3497; x_wconf 92' lang='lat' dir='ltr'>inde</span> <span class='ocrx_word' id='word_1_245' title='bbox 1073 3441 1318 3497; x_wconf 85' lang='lat' dir='ltr'>fortasse</span> <span class='ocrx_word' id='word_1_246' title='bbox 1361 3459 1479 3495; x_wconf 93' lang='lat' dir='ltr'>non</span> <span class='ocrx_word' id='word_1_247' title='bbox 1515 3440 1670 3497; x_wconf 92' lang='lat' dir='ltr'>male</span> <span class='ocrx_word' id='word_1_248' title='bbox 1701 3441 1971 3515; x_wconf 89' lang='lat' dir='ltr'>capietur</span> 
     </span>
     <span class='ocr_line' id='line_1_35' title="bbox 217 3532 1969 3610; baseline 0.002 -23"><span class='ocrx_word' id='word_1_249' title='bbox 217 3532 573 3606; x_wconf 89' lang='lat' dir='ltr'>conjectura,</span> <span class='ocrx_word' id='word_1_250' title='bbox 620 3534 775 3607; x_wconf 92' lang='lat' dir='ltr'>quod</span> <span class='ocrx_word' id='word_1_251' title='bbox 827 3534 927 3608; x_wconf 94' lang='lat' dir='ltr'>qui</span> <span class='ocrx_word' id='word_1_252' title='bbox 993 3535 1255 3590; x_wconf 87' lang='lat' dir='ltr'>maxime</span> <span class='ocrx_word' id='word_1_253' title='bbox 1312 3553 1547 3609; x_wconf 92' lang='lat' dir='ltr'>quoque</span> <span class='ocrx_word' id='word_1_254' title='bbox 1595 3542 1866 3610; x_wconf 89' lang='lat' dir='ltr'>tempore</span> <span class='ocrx_word' id='word_1_255' title='bbox 1910 3535 1969 3590; x_wconf 89' lang='lat' dir='ltr'>vi</span> 
     </span>
    </p>
   </div>
  </div>
 </body>
</html>
