2320 4126
157 296 314 328 PRAEL.
331 295 442 328 xm.
498 274 631 344 quod
650 247 865 342 adjura
877 271 1167 341 praesertim
1179 269 1346 339 plebis
1369 269 1560 321 attinet.
1796 268 1896 317 211

386 414 435 472 ἐξ
456 413 505 457 οὗ
523 411 767 457 Ὀδυσσεὺς
787 412 877 456 δῖος
897 411 975 465 ἕβη
998 409 1145 464 κοίλῃς
1165 408 1226 452 ε’νὶ
1248 408 1412 464 νηυσίν.»

389 489 462 530 νῦν
484 485 530 528 δὲ
552 485 616 529 τὶς
637 483 707 528 ὧδ’
732 486 875 541 ἤγειρε
892 501 904 533 ;
938 478 1031 525 τίνα
1051 482 1182 538 χρειὼ
1204 482 1338 524 τόσον
1356 478 1449 530 ἵκει,

385 550 435 613 ἧὲ
458 555 561 601 νεῶν
580 556 759 614 ἀνδρῶν,
781 554 806 611 ἢ
828 556 868 598 οἱ
888 552 1223 612 προγενέστεροί
1243 552 1354 596 εἶσιν
1367 570 1381 604 3

385 627 436 684 ἠέ
455 627 530 672 τιν’
552 627 757 686 ἀγγελίην
779 629 968 682 στρατοῦ
989 627 1138 668 ἔκλυεν
1159 623 1421 681 ἐρχομένοιο,

386 700 436 756 ἣν
456 699 498 757 χ’
520 699 619 757 ἡμῖν
640 698 765 756 σάφα
786 697 911 749 εἴποι,
934 696 1006 741 ὅτε
1025 698 1237 754 πρότερός
1255 714 1306 754 γε
1327 694 1533 747 πύθοιτος

387 763 434 826 ἦέ
455 788 495 813 τι
518 767 667 826 δήμιον
686 764 798 812 ἆλλὸ
819 759 1111 825 πιφαῦσκεται
1131 764 1194 821 ἧδ’
1216 763 1438 823 ἀγορεύει;

386 840 548 885 ἐσθλός
567 858 639 896 μοι
661 840 776 882 δοκεῖ
796 835 915 889 εἶναι,
938 837 1151 894 ὀνήμενος·
1185 836 1271 880 εἴθε
1293 838 1332 879 οἱ
1353 838 1464 895 αὐτῷ

387 912 489 957 Ζεὺς
509 911 670 969 ἀγαθὸν
690 910 921 961 τελέσειεν,
944 909 982 961 ὅ,
1005 929 1046 953 τι
1067 910 1230 968 φρεσὶν
1250 907 1328 966 ᾗσι
1347 912 1532 966 μενοινᾷ.

155 1035 378 1093 Pr‘aeter
420 1050 584 1110 spem
629 1047 972 1109 moremque
1019 1035 1144 1091 fieri
1199 1035 1490 1110 significat
1541 1029 1902 1100 concionem,

155 1132 495 1208 longissimo
561 1131 845 1207 temporis
912 1131 1244 1200 intervallo,
1305 1150 1422 1187 non
1495 1132 1620 1187 sine
1691 1149 1906 1205 magno

156 1229 417 1284 omnium
469 1228 683 1284 favore.
773 1220 931 1295 Quid
982 1221 1056 1283 ad
1102 1227 1215 1284 hoc
1261 1227 1551 1301 conjurati
1576 1227 1597 1283 2
1651 1241 1788 1282 nam
1834 1245 1903 1282 eo

155 1319 392 1381 nomine
421 1343 540 1380 non
569 1324 724 1380 male
755 1324 998 1380 fortasse
1027 1321 1171 1380 istos
1201 1322 1480 1398 appelles.
1572 1322 1812 1397 Nempe
1842 1342 1904 1378 re

155 1419 373 1478 infecta
412 1421 755 1477 concionem
791 1419 1117 1485 dimittunt,
1155 1419 1430 1495 gravibus
1466 1437 1672 1474 eorum
1710 1419 1908 1474 convia

156 1515 276 1582 ciis,
307 1517 640 1590 quicunque
670 1522 847 1592 agant
876 1514 1097 1590 aliquid
1128 1534 1233 1572 suo
1263 1511 1529 1590 injussus.

393 1648 559 1706 Μέντορ
581 1648 804 1707 ἀταρτηρέ,
826 1648 987 1716 φρένας
1007 1647 1122 1705 ἧλεὲ,
1144 1652 1268 1693 ποῖον
1289 1650 1439 1701 ἔειπες,

391 1719 520 1778 ἡμέας
541 1717 727 1777 ὀτρύνων
748 1721 1065 1779 καταπαυέμεν;
1099 1721 1312 1780 ἀργαλέον
1333 1722 1379 1765 δὲ

393 1792 575 1849 ἀνδράσι
597 1795 665 1837 καὶ
685 1792 926 1838 πλεόνεσσι
947 1793 1230 1852 μαχήσασθαι
1250 1795 1349 1852 περὶ
1371 1793 1498 1837 δαιτί.
1518 1828 1526 1838 .
1548 1828 1557 1837 .
1577 1821 1586 1837 .’

392 1864 491 1908 ἀλλ’
515 1866 608 1923 ἆγε,
630 1867 730 1909 λαοὶ
749 1867 826 1923 μὲν
847 1866 1073 1911 σκίδνασθ’
1096 1867 1165 1910 ἐπὶ
1185 1865 1294 1925 ἔργα
1313 1866 1508 1918 ἕκαστος,

393 1936 530 1998 τούτῳ
551 1937 589 1980 δ’
612 1938 798 1995 ὀτρυνέει
822 1938 1000 1997 Μέντωρ
1023 1939 1124 1983 ὁδὸν
1144 1938 1207 1994 ἠδ’
1229 1938 1502 1996 Ἃλιθέρσης,

395 2007 483 2053 οἵτε
504 2009 545 2052 οἱ
567 2009 614 2067 ἐξ
635 2010 770 2068 ἀρχῆς
794 2011 1003 2069 πατρώῖοί
1024 2011 1135 2055 εἶσιν
1158 2013 1319 2069 ἑταῖροι

397 2078 514 2133 ἀλλ’,
536 2080 626 2133 ὀΐω,
649 2083 716 2125 καὶ
741 2083 848 2138 δηθὰ
870 2082 1115 2140 καθημένος,
1138 2082 1380 2141 ἀγγελιάων

395 2154 602 2200 πεύσεται
623 2156 684 2200 εἶν
704 2155 860 2212 Ἰθάκῃ,
882 2155 1020 2200 τελέει
1042 2156 1077 2200 δ’
1101 2157 1202 2201 ὁδὸν
1223 2159 1379 2201 οὔποτε
1400 2157 1568 2212 ταύτην.

398 2228 455 2272 ὡς
474 2226 539 2284 ἄρ’
563 2227 799 2285 ἐφώνησεν·
831 2230 968 2272 λῦσεν
989 2227 1024 2271 δ’
1046 2227 1207 2287 ἀγορὴν
1228 2228 1433 2287 αἰψηρήν.

169 2339 320 2398 Haec
353 2341 788 2419 Eurymachus:
835 2343 934 2419 qui
965 2351 1093 2401 tota
1122 2344 1322 2401 fabula
1368 2352 1560 2420 partes
1591 2340 1700 2402 sibi
1732 2345 1912 2402 sumit

168 2438 429 2506 oratoris,
460 2441 690 2513 quoties
720 2442 948 2516 agenda
980 2442 1141 2497 venit
1173 2460 1482 2515 procorum
1514 2461 1702 2498 causa.

250 2532 405 2600 Jam,
437 2554 552 2609 quo
591 2537 652 2592 in
689 2537 818 2594 loco
868 2537 1071 2594 haberi
1109 2537 1360 2594 voluerit
1396 2538 1695 2595 Homerus
1728 2547 1914 2595 cater-

171 2648 303 2686 vam
343 2630 506 2687 illam
537 2650 672 2688 vere
711 2632 1096 2700 tribunitiam,
1141 2646 1260 2690 n‘on
1305 2643 1396 2690 est
1432 2648 1611 2709 quare
1651 2636 1909 2692 multum

170 2725 526 2784 dubitemus.
615 2729 813 2786 Primo
870 2727 1018 2786 illud
1075 2750 1194 2786 non
1252 2751 1460 2806 parum
1519 2732 1693 2802 valet,
1751 2734 1908 2807 quod

170 2823 391 2878 nemini
431 2825 697 2889 omnium
744 2824 865 2882 ulla
900 2827 1112 2902 insigni
1143 2827 1364 2883 virtute
1405 2829 1611 2884 redimi
1651 2829 1914 2886 decrevit

173 2916 360 2974 Poeta
408 2919 811 2994 importunum
857 2922 1080 2990 scelus;
1146 2924 1207 2978 in
1253 2923 1366 2980 hoc
1415 2925 1679 2981 omnium
1730 2925 1915 2981 ferme

172 3014 485 3083 dissimilis,
527 3018 626 3090 qui
673 3036 764 3073 res
809 3018 1145 3094 flagitiosas
1170 3026 1231 3075 et
1275 3028 1502 3078 atroces
1543 3022 1914 3096 scripserunt.

173 3109 340 3167 Solet
367 3112 528 3167 enim
558 3114 817 3171 maxima
859 3134 990 3190 pars
1020 3117 1271 3190 quadam
1302 3117 1465 3192 quasi
1506 3117 1638 3174 luce
1681 3119 1918 3193 perfun-

174 3207 312 3264 dere
344 3215 619 3283 tyrannos
650 3230 883 3285 quoque
913 3230 1067 3280 suos,
1104 3211 1377 3280 latroneS‚
1409 3213 1658 3270 sicarios
1712 3213 1923 3289 Splen-

176 3301 311 3358 dida
341 3303 484 3359 vitia
512 3303 765 3361 libenter
800 3306 1118 3364 celebrant.
1209 3306 1282 3362 In
1323 3313 1602 3382 promptu
1645 3309 1919 3365 omnibus

174 3405 312 3454 sunt
378 3398 615 3468 Medea,
674 3401 1124 3477 Clytemnestra‚
1185 3401 1540 3459 Mezentius.
1657 3402 1791 3471 Quo
1859 3404 1922 3460 in

879 3610 898 3641 f
927 3611 1016 3655 Od.
1039 3611 1084 3655 ii.
1109 3625 1208 3665 242.

1011 3703 1044 3742 P
1076 3692 1114 3743 2
