2320 4126
327 197 439 249 318
625 194 868 266 AEsokyli
898 194 1123 260 Orestem,
1151 194 1283 266 quid
1303 195 1366 248 de
1392 195 1532 248 Fato
1557 195 1746 249 doceat.
1790 214 1950 249 PRAEL.
1974 215 2127 249 xvm.

415 343 573 414 Quae
622 343 827 402 omnia
873 343 1124 412 faciunt,
1165 349 1237 401 ut
1277 359 1355 401 ne
1403 361 1543 400 cum
1584 343 1656 401 iis
1697 343 1970 413 sentiam,
2026 346 2129 421 qui

327 443 518 501 velint
558 443 1007 519 quodammodo
1052 442 1128 499 ad
1173 439 1396 499 inferos
1443 432 1696 519 relegari
1742 441 2130 502 Eumenidas,

326 540 513 610 Quasi
565 559 706 598 vero
755 539 853 597 vel
905 539 1103 614 ipsum
1163 537 1334 606 illud,
1380 537 1589 597 ulcisci
1633 539 1840 609 maIOS,
1887 559 2008 598 non
2054 541 2132 599 sit

322 638 631 715 praecipua
661 656 799 713 pars
830 652 1102 713 supernae
1133 642 1196 694 et
1226 636 1536 694 immensae
1565 636 1870 696 bonitatis.
1944 637 2132 714 Cujus

323 736 410 794 rei
442 735 945 813 significationem
977 733 1242 792 habebat
1272 734 1526 792 minime
1563 735 1879 793 obscuram
1920 735 2133 814 religio

324 840 618 903 veterum,
634 833 794 910 quod
816 832 990 890 nobis
1015 832 1331 890 tradiderit
1357 831 1726 891 Eumenidas
1749 841 1812 891 et
1837 833 2132 912 Erinnyas

324 951 580 990 numero
611 932 871 1000 easdem,
903 931 1151 988 nomine
1183 938 1363 988 tenus
1394 931 1675 990 diversas,
1976 918 1986 927 ⁶

412 1029 823 1108 Intelligimus
855 1029 1081 1105 itaque,
1115 1028 1165 1086 si
1196 1047 1318 1105 qua
1343 1028 1406 1087 in
1438 1029 1619 1087 domo
1650 1049 1901 1108 regnare
1931 1030 2133 1089 videa-

324 1138 425 1188 tur
476 1128 690 1197 maluS,
752 1128 856 1205 qui
909 1127 1149 1197 dicitur,
1211 1126 1482 1198 Genius;
1558 1128 1607 1188 si
1655 1130 1826 1206 cujus
1878 1129 2130 1207 prolem,

323 1247 535 1306 genus,
585 1225 879 1286 familiam
928 1226 1093 1284 omni
1142 1232 1372 1284 terrore
1419 1235 1861 1304 prosequantur
1896 1236 2134 1286 atroces

326 1326 531 1396 Dirae3
576 1345 696 1383 non
729 1325 792 1383 id
824 1344 1023 1402 neque
1053 1344 1195 1383 casu
1226 1325 1371 1394 fieri,
1404 1345 1603 1402 neque
1633 1327 1956 1385 temerario
1997 1325 2128 1384 Nu-

320 1424 502 1483 minis
533 1425 689 1494 odio,
717 1425 821 1482 sed
845 1423 1185 1501 justissimo
1218 1423 1589 1501 Superorum
1610 1425 1862 1501 judicio,
1886 1432 2133 1502 propter

324 1523 519 1582 scelus
559 1520 825 1597 aliquod,
868 1519 965 1579 vel
1002 1540 1213 1579 eorum
1257 1521 1574 1580 hominum
1618 1524 1719 1600 qui
1768 1544 1929 1583 nunc
1971 1532 2128 1593 sunt,

323 1622 420 1681 vel
452 1627 619 1679 certe
650 1620 965 1697 majorum.
1676 1609 1685 1614 ’

410 1720 503 1778 Ut
547 1718 696 1777 alios
738 1718 1065 1796 Tragoedos
1101 1718 1217 1776 hoc
1258 1726 1535 1797 tempore
1571 1722 1783 1779 missos
1821 1722 2127 1792 faciamus,

323 1817 596 1896 AEschyli
645 1817 836 1876 nostri
898 1836 1033 1875 eam
1088 1836 1270 1893 quam
1331 1818 1459 1876 dixi
1508 1820 1583 1878 de
1638 1819 1794 1878 Fato
1853 1822 2129 1880 extitisse

324 1917 711 1984 sententiam,
776 1916 921 1975 satis
970 1918 1315 1995 argumenti
1377 1925 1485 1987 est,
1549 1919 1712 1997 quod
1757 1938 1830 1978 eo
1889 1939 2129 1997 prorsus

322 2026 535 2075 tenore
585 2016 823 2094 scripsit
861 2015 1294 2075 nobilissimam
1337 2017 1413 2076 de
1467 2019 1648 2076 domo
1700 2017 2129 2096 Pelopidarum

322 2115 648 2196 τριλογίαν.
756 2114 873 2172 Ι]10
910 2114 1139 2191 judice,
1183 2113 1370 2173 telam
1416 2116 1595 2175 istam
1641 2123 1910 2175 atrocem
1962 2117 2131 2177 nulla

323 2233 401 2272 ex
442 2222 615 2292 parte
661 2215 981 2272 contexuit
1028 2213 1315 2272 Fortunae
1361 2214 1566 2283 libido,
1613 2215 1717 2273 sed
1764 2216 1893 2292 ejus
1935 2219 2128 2275 omnis

326 2330 506 2370 causa
543 2317 674 2369 erat
718 2310 982 2387 primum
1014 2310 1077 2367 in
1113 2310 1412 2370 adulterio
1443 2313 1648 2371 uxoris
1678 2311 1876 2383 Atrei,
1909 2315 2128 2374 deinde

321 2411 385 2468 in
423 2411 694 2488 dapibus,
740 2429 887 2487 quas
927 2418 1270 2469 memorant
1313 2410 1538 2480 Poetae,
1580 2411 1910 2491 Thyesteis
1987 2413 2127 2473 Hoc

320 2508 473 2569 illud
520 2517 668 2579 erat,
710 2510 773 2567 ni
821 2508 1016 2579 fallor,
1049 2510 1210 2586 quod
1252 2511 1316 2569 in
1353 2510 1705 2570 Cassandrae
1744 2512 2126 2572 vaticinantis

319 2629 589 2689 persona,
644 2616 829 2687 atque
883 2610 950 2666 in
999 2610 1128 2687 ejus
1178 2609 1381 2669 divina
1421 2631 1589 2681 voce,
1641 2617 1883 2670 tantum
1932 2614 2126 2690 operis

320 2711 591 2788 posuerit
638 2710 896 2788 scriptor
952 2709 1379 2788 gravissimus;
1453 2730 1573 2769 non
1628 2710 1835 2778 solum,
1884 2714 2125 2772 terroris

321 2830 482 2889 ergo,
513 2810 730 2889 tragici
759 2809 921 2867 illius
952 2817 1016 2869 et
1052 2810 1297 2887 poetici.
1389 2809 1783 2881 MeministiS,
1820 2831 1939 2888 quo
1970 2820 2126 2870 tem-

321 2931 466 2989 pore
515 2910 851 2970 Cassandra
892 2910 1156 2987 primum
1201 2910 1264 2967 in
1313 2929 1554 2969 scenam
1599 2912 1921 2982 inducitur,
1958 2912 2127 2971 nulla

319 3029 490 3069 mora
519 3010 896 3068 mentionem
934 3008 1100 3085 injici
1134 3010 1354 3068 veteris
1391 3010 1552 3070 illius
1582 3031 1652 3070 ac
1686 3011 1853 3070 velut
1891 3012 2125 3070 heredi-

319 3110 485 3168 tariae
508 3108 720 3187 culpae.
795 3108 1032 3167 Audito
1057 3108 1214 3167 forte
1245 3110 1435 3168 semel
1467 3110 1827 3171 Atridarum
1858 3111 2120 3180 nomine,

318 3210 486 3288 quasi
518 3208 879 3269 detestabile
911 3227 1090 3266 omen
1122 3228 1157 3266 a
1188 3227 1251 3266 80
1282 3218 1611 3268 10111ονοῖ“.

614 3366 657 3420 ἂ,
679 3368 758 3412 ποῖ
777 3366 874 3412 ποτ’
898 3366 1061 3426 ἤγαγές
1081 3386 1151 3425 με,
1173 3368 1286 3426 πρὸς
1306 3368 1437 3413 ποίαν
1458 3368 1703 3428 στέγην·-

617 3442 729 3499 πρὸς
750 3440 829 3498 τὴν
849 3440 1100 3499 Ἀτρειδῶν·
1134 3441 1174 3486 εἲ
1195 3442 1254 3488 σὺ
1273 3442 1332 3501 μὴ
1354 3441 1445 3487 τόδ’
1469 3442 1643 3495 ἐννοεῖς,

1038 3615 1057 3632 ¹¹
1088 3608 1244 3664 Aqam.
1275 3620 1405 3663 1054.
