2320 4126
351 194 460 246 250
584 193 755 259 Quare
779 194 837 246 in
862 212 1026 246 servos
1050 201 1099 246 et
1123 193 1345 246 ancillas
1369 194 1553 246 saeviat
1590 194 1807 263 UlysseS.
1867 213 2027 247 PRAEL.
2051 213 2140 248 xv,

352 339 638 398 credibile
669 339 800 407 erit,
831 357 954 396 non
995 339 1275 396 omnibus
1319 338 1584 395 numeris
1626 357 1852 396 errasse
1882 339 2145 415 aequales

356 438 629 506 Homeri,
656 438 816 514 quod
851 435 983 494 Diis
1012 437 1155 513 ipsis
1185 437 1414 494 tuenda
1436 455 1626 494 vacua
1655 456 1867 514 regum
1899 456 2145 495 suorum

351 535 563 594 limina
606 536 1057 613 assignaverint.
1149 534 1300 604 Quis
1345 535 1458 593 scit
1502 553 1580 592 an
1624 535 1849 593 eximia
1887 536 2147 612 quadam

351 635 643 701 custodia,
675 633 1051 710 temporibus
1095 633 1397 709 inquietis,
1436 632 1681 692 caeleste
1725 653 1952 691 numen
1995 634 2148 691 invi-

349 732 502 810 gilet
555 733 713 790 circa
770 733 1143 808 privatorum
1199 732 1374 801 foreS,
1428 734 1654 790 nedum
1701 732 1996 790 heroum?
2085 731 2147 788 Is

350 832 580 908 utique,
634 838 705 889 ut
758 831 1013 899 videtur,
1067 837 1244 888 tenor
1296 837 1388 888 est
1433 829 1676 888 Divinae
1729 831 2034 898 bonitatis,
2076 835 2147 886 ut

351 930 585 1006 siquam
626 929 936 1006 regionem
976 928 1143 1006 leges
1175 929 1482 999 deficiunt,
1512 948 1847 1004 moresque,
1878 927 2046 985 illam
2077 946 2149 985 ea

349 1028 640 1086 tuendam
673 1028 958 1104 suscipiat
988 1028 1046 1084 vi
1076 1047 1146 1086 ac
1175 1028 1455 1104 praesidio
1487 1028 1976 1091 extraordinario.

593 1163 658 1207 Ni
677 1163 826 1216 faciat,
849 1163 992 1208 maria
1008 1178 1059 1208 ac
1080 1170 1222 1208 terras
1245 1165 1500 1223 coelumque
1522 1165 1727 1209 tumultu

595 1234 777 1294 Quippe
797 1236 945 1281 ferant
966 1235 1123 1295 rapido
1145 1252 1316 1290 secum,
1339 1243 1609 1295 verrantque
1629 1251 1710 1295 per
1730 1250 1878 1280 auras.

417 1361 631 1439 Igitur,
662 1360 936 1419 adhibita
965 1362 1238 1420 veritatis
1262 1360 1488 1440 regula,
1520 1380 1777 1439 purgare
1811 1379 1873 1419 se
1897 1360 2149 1418 fortasse

349 1461 576 1538 poterit
622 1480 700 1518 ex
736 1460 939 1536 aliqua
983 1461 1201 1519 saltem
1238 1469 1409 1538 parte
1455 1462 1778 1529 HomeruS,
1811 1460 1886 1517 de
1927 1459 2150 1517 immiti

352 1558 587 1636 Ulyssis
617 1559 835 1625 animO,
869 1559 1065 1634 deque
1112 1559 1418 1636 suppliciis
1464 1558 1890 1617 crudelissimis
1935 1563 1998 1614 et
2038 1557 2152 1613 mi-

349 1657 627 1725 serrimis,
685 1656 901 1732 quibus
953 1656 1073 1724 ille,
1128 1676 1205 1714 ne
1259 1657 1541 1734 scrupulo
1601 1656 1848 1733 quidem
1905 1655 2149 1731 injecto,

350 1753 608 1812 famulos
639 1753 1008 1829 ancillasque
1039 1755 1375 1831 proditores
1407 1755 1496 1812 sui
1529 1759 1786 1812 coercet.
1845 1753 1932 1810 Ni
1956 1751 2150 1821 fallor,

349 1853 657 1930 pertinent
717 1871 789 1909 ea
840 1872 962 1910 non
1010 1859 1138 1910 tam
1190 1853 1266 1911 ad
1314 1854 1466 1911 iram
1517 1851 1950 1910 stomachantis
2001 1850 2149 1917 heri,

350 1971 532 2028 quam
577 1952 652 2009 ad
699 1951 966 2010 officium
1011 1959 1455 2010 sacrosanctum
1501 1952 1659 2029 regis
1707 1958 1890 2027 atque
1938 1950 2151 2026 patris-

350 2050 647 2119 familias3
695 2051 793 2108 cui
834 2050 1003 2119 nihil,
1035 2070 1107 2108 ea
1149 2050 1477 2127 republica,
1522 2050 1785 2108 debebat
1827 2067 1956 2107 esse
1996 2049 2152 2106 anti-

351 2151 544 2227 quiuS,
574 2169 756 2226 quam
787 2158 858 2206 ut
899 2168 1101 2207 servos
1140 2150 1406 2227 graviter
1435 2157 1673 2208 curaret
1719 2147 2150 2219 admonendoS,

352 2250 683 2327 fractaeque
723 2248 788 2304 in
825 2248 1099 2306 dominos
1129 2249 1270 2306 fidei
1310 2268 1517 2325 poenas
1560 2249 1850 2326 exigeret.
1942 2246 2151 2323 Ipsum

352 2348 687 2416 audiamus,
735 2365 855 2422 qua
912 2348 1252 2405 constantia
1313 2344 1711 2424 Eurycleiam,
1772 2345 2153 2404 muliebriter

353 2447 736 2505 exultantem
766 2452 904 2523 post
935 2441 1161 2503 caedem
1194 2464 1530 2522 procorum,
1563 2439 1914 2503 inhibeath:

594 2583 620 2640 ἡ
643 2582 680 2628 δ’
704 2584 762 2630 ὧς
783 2559 859 2627 οὖν
880 2582 1031 2630 νέκυάς
1052 2602 1101 2628 τε
1123 2583 1192 2627 καὶ
1214 2582 1410 2628 ἄσπετον
1430 2581 1595 2628 εἴσιδεν
1615 2580 1736 2640 αἷμα,

593 2654 749 2701 ἴθυσεν
768 2654 807 2715 ῥ’
830 2656 1060 2714 ὀλόλυξαι,
1083 2656 1177 2701 ἐπεὶ
1198 2655 1311 2715 μέγα
1333 2653 1498 2700 εἴσιδεν
1515 2653 1663 2714 ἔργον.

595 2729 696 2774 ἀλλ’
717 2729 933 2776 Ὀδυσεὺς
954 2729 1160 2789 κατέρυκε
1181 2730 1251 2774 καὶ
1271 2727 1460 2789 ἔσχεθεν
1482 2728 1650 2787 ἱεμένην
1669 2746 1769 2788 περ,

595 2803 668 2848 καί
685 2822 760 2861 μιν
781 2802 996 2862 φωτὴσας
1013 2801 1124 2848 ἔπεα
1144 2805 1385 2863 πτερόεντα
1405 2801 1653 2862 προσηύδα·
1683 2822 1685 2824 ·

598 2872 645 2918 ἐν
666 2873 804 2932 θυμῷ,
825 2876 952 2934 γρῆυ,
975 2877 1119 2933 χαῖρε,
1144 2875 1214 2918 καὶ
1234 2873 1381 2934 ἰ’σχεο,
1403 2874 1501 2932 μηδ’
1526 2875 1727 2930 ὀλόλυζε·

597 2946 674 2990 οὐκ
696 2946 814 3003 ὁσίη,
838 2947 1117 3005 κταμένοισιν
1135 2945 1205 2993 ἔπ’
1227 2948 1441 3007 ἀνδράσιν
1462 2948 1771 3006 εὐχετάασθαι.

599 3019 763 3065 τούσδε
783 3018 832 3064 δὲ
852 3020 967 3079 μοῖρ’
992 3021 1220 3079 ἐδάμασσε
1242 3022 1353 3067 θεῶν
1374 3022 1444 3066 καὶ
1466 3020 1657 3080 σχέτλια
1677 3022 1799 3081 ἔργα·

599 3095 748 3139 οὔτινα
767 3094 853 3153 γὰρ
875 3093 1054 3139 τιέσκον
1075 3095 1337 3154 ἐπιχθονίων
1357 3094 1612 3154 ἀνθρώπων,

599 3168 651 3212 οὗ
673 3169 817 3220 κακὸν,
841 3168 940 3212 οὐδὲ
961 3168 1041 3226 μὲν
1063 3168 1244 3221 ἐσθλὸν,
1268 3167 1361 3215 ὅτις
1382 3167 1530 3227 σφέας
1551 3166 1843 3226 εἰσαφίκοιτο·

598 3243 660 3301 τῷ
682 3242 751 3285 καὶ
776 3240 1102 3298 ἆτασθαλίῃσιν
1122 3241 1267 3286 ἀείκεα
1287 3243 1457 3300 ποτ-μὸν
1478 3241 1689 3287 ἐπέσπον·

361 3366 508 3424 Non
550 3374 692 3425 sunt
737 3367 888 3435 haec,
919 3366 1069 3424 mihi
1115 3367 1359 3435 credite,
1391 3367 1624 3425 ultricis
1656 3367 1981 3435 amentiae3
2031 3385 2155 3423 non

358 3466 434 3523 ad
467 3485 699 3524 coecum
731 3466 996 3523 furorem
1029 3465 1374 3542 pertinent;
1404 3466 1591 3523 immo
1616 3464 1965 3542 dignissima
1990 3470 2151 3530 sunt,

1046 3599 1072 3631 h
1106 3599 1196 3645 Od.
1221 3600 1328 3645 xxii.
1353 3610 1457 3657 407.
