2320 4126
137 279 290 312 PRAEL.
310 280 357 310 x.
520 275 630 310 cum
655 258 903 326 voluptate
927 257 1002 309 ad
1022 263 1214 324 tempus
1237 257 1472 325 spectari.
1774 258 1880 311 159

482 399 747 455 Plerumque
768 403 904 454 gratae
927 396 1142 440 divitibus
1163 396 1295 447 vices,

482 468 763 527 Mundaeque'
781 482 916 525 parvo
938 467 1023 511 sub
1048 467 1158 511 Lare
1178 481 1426 524 pauperum

543 540 708 592 Coenae,
732 540 826 584 sine
848 540 998 583 aulaeis
1021 545 1063 582 et
1084 545 1219 590 ostro,

600 612 827 656 Solicitam
850 612 1097 669 explicuere
1117 611 1324 655 frontem.

134 744 339 820 Atque
396 762 465 800 ea
523 743 763 818 quidem
823 743 935 799 hoc
987 750 1254 818 tempore
1305 741 1544 806 adduxi,
1598 759 1716 796 non
1768 759 1884 814 quo

133 840 417 907 dubitem,
458 839 780 916 Virgilium
826 857 900 896 ex
950 840 1147 896 animo
1195 838 1442 895 flumina
1484 855 1726 904 amasse,
1772 837 1886 912 syl-

133 951 380 1011 vasque‘t
437 954 615 1010 quem
655 954 839 991 unum
882 936 1145 991 omnium
1187 935 1248 990 in
1287 953 1351 990 re
1391 934 1610 990 rustica
1653 951 1886 1008 semper

132 1031 514 1089 existimarim
545 1050 663 1088 non
691 1030 1215 1106 modoplurimum
1240 1031 1453 1087 vidisse
1472 1023 1679 1086 verum
1703 1029 1883 1086 etiam

131 1128 411 1185 acerrime
457 1128 719 1184 sensisse.
808 1127 906 1184 Sic
941 1134 1145 1184 autem
1177 1128 1363 1183 ferme
1402 1133 1635 1184 statuo:
1682 1145 1888 1201 quem-

132 1225 447 1281 admodum
511 1243 624 1280 usu
688 1224 852 1280 venit
923 1224 1120 1299 pueris
1178 1224 1449 1290 divitum,
1508 1230 1576 1279 ut
1640 1222 1890 1297 abjectis

135 1338 284 1395 saepe
340 1319 684 1396 insignibus,
736 1319 907 1395 palea
963 1319 1169 1376 ludere
1226 1319 1486 1396 gestiant
1546 1338 1615 1375 ac
1664 1337 1887 1375 ramus-

136 1415 313 1483 culis;
355 1416 454 1490 qui
484 1423 687 1472 autem
717 1416 918 1492 egenis
948 1416 1218 1472 oriuntur
1246 1416 1606 1491 parentibUS,
1636 1422 1705 1471 ut
1735 1422 1893 1472 atto-

135 1512 241 1568 niti
273 1518 548 1587 stupeant
587 1531 749 1579 aur0,
779 1531 1054 1587 purpura,
1085 1512 1371 1588 gemmis:
1419 1512 1505 1568 ita
1540 1510 1715 1586 plane
1748 1511 1892 1569 Vir-

134 1607 339 1684 gilium
370 1608 637 1685 intelligo
668 1610 742 1666 ab
773 1609 982 1684 opibus
1021 1616 1083 1666 et
1126 1609 1261 1666 luce
1296 1608 1400 1665 illa
1430 1607 1646 1665 Palatii
1677 1608 1891 1683 cupide

136 1722 202 1760 ac
231 1703 485 1761 libenter
512 1705 745 1762 avolare
774 1706 848 1762 ad
879 1725 1040 1763 casas
1070 1724 1203 1763 suas
1233 1712 1295 1762 et
1324 1711 1550 1772 aratra3
1597 1703 1890 1772 HomerO,

135 1818 306 1876 gazas
343 1799 594 1875 placere,
626 1808 688 1858 et
728 1820 934 1877 regum
975 1802 1158 1858 atria:
1203 1808 1541 1875 utrumque,
1573 1809 1642 1858 ut
1672 1802 1761 1870 fit,
1793 1820 1893 1858 eas

135 1895 393 1952 maxime
435 1915 528 1953 res
570 1896 863 1965 admirari,
895 1917 1023 1973 quae
1054 1898 1172 1955 sint
1213 1917 1248 1955 a
1287 1917 1392 1955 sua
1422 1898 1662 1955 fortuna
1690 1897 1894 1974 paullo

138 1991 497 2048 remotiores,

221 2086 339 2144 Sed
391 2089 465 2144 de
517 2088 770 2165 Virgilio
817 2089 959 2147 alias
1011 2090 1245 2147 videro:
1305 2109 1491 2146 unum
1539 2089 1729 2147 solum
1779 2090 1895 2146 hoc

138 2189 404 2258 tempore
434 2204 508 2241 ex
540 2185 727 2243 Iliade
767 2185 975 2244 afferre
1016 2185 1230 2254 liceat3
1275 2187 1435 2262 quod
1470 2187 1719 2243 mirifice
1750 2206 1897 2261 quo-

140 2280 453 2337 dammodo
494 2283 645 2357 sapit
687 2282 990 2339 hominem
1027 2284 1192 2340 victu
1232 2284 1594 2341 vendentem
1634 2303 1893 2359 operam.

143 2375 350 2434 Nostis
399 2377 678 2444 fabulam,
725 2379 1117 2437 subrusticam
1165 2399 1320 2447 sane,
1368 2381 1442 2437 de
1491 2379 1786 2455 Neptuno
1832 2389 1895 2438 et

142 2469 440 2546 Apolline,
471 2472 620 2529 coelo
664 2474 1061 2543 exulantibus,
1092 2476 1368 2532 mercede
1412 2494 1447 2531 a
1484 2474 1896 2531 Laomedonte

143 2569 463 2625 conductis.
511 2567 687 2625 Hanc
716 2589 751 2626 a
779 2571 1079 2628 veteribus
1113 2577 1421 2646 acceptam
1455 2569 1748 2645 Neptuno
1791 2588 1896 2626 suo

144 2663 351 2720 tribuit
383 2662 733 2722 Homerus1.

376 2809 500 2852 Ἀλλ’
523 2809 595 2854 ὅτε
615 2810 667 2866 δὴ
687 2810 866 2867 μισθοῖο
886 2811 1016 2858 τέλος
1035 2812 1305 2870 πολυγηθέες
1315 2811 1447 2869 Ὧραι

379 2881 604 2939 ἐξέφερον,
625 2884 722 2926 τότε
743 2887 819 2926 νῶἳ
835 2882 1023 2939 βιήσατο
1043 2884 1203 2941 μισθὸν
1223 2885 1390 2928 ἅπαντα

380 2953 607 3008 Λαομέδων
626 2955 856 3012 ἔκπαγλος,
878 2954 1118 3011 ἀπειλήσας
1139 2955 1175 3000 δ’
1197 2956 1445 3013 ἀπέπεμπεν
1451 2989 1607 3001 ......

380 3029 456 3068 νῶἳ
475 3024 525 3068 δέ
541 3023 577 3068 τ’
598 3025 790 3083 ἅψοῤῥοι
810 3027 956 3083 κίομεν
976 3026 1193 3083 κεκοτὴοτι
1214 3028 1350 3088 θυμῷ,

378 3096 538 3152 μισθοῦ
557 3099 782 3154 χωόμενοι,
803 3099 879 3143 τὸν
898 3099 1094 3145 ὑποστὰς
1114 3100 1190 3143 οὐκ
1211 3100 1467 3144 ἐτέλεσσεν.

151 3222 452 3280 Nimirum
495 3227 773 3301 operariis
815 3227 973 3284 horae
1018 3235 1156 3285 sunt
1202 3226 1559 3301 πολυγηθέες,
1613 3224 1901 3280 redeunte

58 3359 65 3364 -
151 3319 386 3374 demum
418 3322 753 3377 mercedem
782 3323 1101 3396 recipiendi
1131 3330 1434 3397 tempore:
1486 3321 1546 3376 id
1577 3319 1736 3394 quod
1773 3337 1904 3394 gra-

151 3413 398 3470 vissimis
451 3416 641 3472 verbis
687 3417 862 3473 docet
920 3417 1152 3474 divinus
1209 3416 1312 3472 ille
1364 3415 1678 3472 Hebraicae
1725 3413 1904 3489 Legis

155 3506 470 3582 Interpres,
529 3511 628 3582 qui
688 3517 750 3567 et
806 3511 932 3586 ipse
990 3512 1304 3586 aliquando
1363 3529 1587 3585 pauper
1645 3516 1706 3566 et
1764 3507 1905 3565 exul

857 3682 869 3711 ¹
903 3683 955 3726 11.
980 3683 1078 3727 xxi.-
1094 3693 1195 3737 450.
