2320 4126
312 168 348 216 8
809 162 892 215 De
914 161 1115 215 ratione
1138 159 1370 213 ‘cmiversi
1392 158 1574 230 operis.
1889 174 2052 208 PRAEL.
2074 174 2111 208 1.

317 328 438 366 non
499 315 672 365 vetus
732 314 916 383 atque
974 304 1233 382 simplex
1292 305 1355 361 in
1414 301 1793 361 sanctissima
1849 319 1916 358 re
1974 319 2111 377 pro-

318 407 561 479 feratur.

403 503 582 573 Quod
612 504 660 561 si
691 503 787 561 cui
828 507 1101 560 nostrum
1131 498 1455 576 aliquando
1486 497 1812 575 contigerit
1842 495 2113 554 feliciora

315 603 588 678 quaedam
641 601 752 659 sibi
805 599 1202 677 excogitasse,
1255 604 1319 655 et
1371 616 1503 673 quae
1555 595 1653 654 vel
1711 596 1791 654 ab
1848 595 2112 652 indoctis

314 700 508 757 audiri
567 698 742 757 valde
800 698 1096 756 bonarum
1160 695 1475 753 literarum
1535 694 1898 762 interfuerit,
1958 692 2111 750 nihil

314 805 482 856 vetat
541 817 614 855 ea
670 795 1006 854 vernaculis
1073 795 1280 860 etiam,
1339 799 1522 870 prout
1580 793 1710 869 ipsa
1775 811 1870 850 res
1934 792 2111 862 feret,

313 894 643 952 solenniter
689 894 925 951 doceri:
965 888 1060 949 *ita
1099 899 1308 949 tamen
1355 899 1424 948 ut
1464 909 1702 948 summa
1731 909 1984 966 quaeque
2019 908 2113 946 re-

312 992 551 1070 ligione,
597 990 794 1049 sobrie
838 998 1022 1066 atque
1074 1008 1299 1057 severe,
1348 996 1624 1067 agantur.
1714 987 1816 1046 Ita
1862 988 2111 1046 demum

309 1091 473 1149 salva
518 1096 696 1148 erunt
748 1089 983 1158 omnia3
1058 1088 1292 1146 Latinis
1340 1088 1614 1145 manebit
1647 1106 1767 1167 ‚sua
1813 1107 2112 1165 praeroga-

312 1188 454 1256 tiva,
491 1187 841 1246 Academiae
886 1206 993 1245 sua
1042 1187 1323 1264 dignitas,
1359 1205 1558 1262 neque
1610 1191 1818 1243 tamen
1862 1183 1988 1243 ulla
2031 1204 2111 1244 ex

312 1294 482 1363 parte
512 1286 1019 1364 praestantissimis
1049 1285 1266 1345 studiis
1304 1284 1411 1342 fiet
1442 1283 1679 1359 injuria.

396 1582 553 1642 Haec
593 1583 795 1653 habui,
837 1604 968 1660 quae
1009 1584 1072 1640 in
1118 1584 1507 1641 vexatissima
1546 1583 1876 1659 quaestione
1922 1581 2111 1640 semel

309 1678 582 1746 dicenda,
614 1677 990 1746 Academici,
1023 1686 1321 1754 put-arem.
1385 1678 1548 1747 Jam,
1580 1699 1699 1755 qua
1729 1679 2112 1755 potissimum

306 1786 479 1854 parte
538 1797 820 1855 campum
882 1777 1056 1834 illum
1110 1778 1417 1835 infinitum
1467 1778 1729 1836 Poeseos
1789 1779 1851 1835 in
1906 1780 2112 1837 animo

306 1879 385 1936 sit
417 1884 669 1945 tentare,
693 1896 874 1953 quam
907 1884 1120 1953 potero
1153 1876 1499 1952 planissime
1530 1897 1852 1954 exponam.
1928 1877 2111 1948 Quod

307 1976 411 2033 ubi
463 1975 633 2034 vobis
683 1976 1193 2043 demonstraver0‚
1246 1975 1308 2032 id
1363 1982 1529 2033 certe
1591 1977 1735 2034 satis
1787 1978 2111 2047 constabit,

307 2093 425 2132 non
482 2093 554 2131 eo
601 2093 710 2131 nos
761 2073 1012 2131 consilio
1064 2074 1295 2132 Latinis
1347 2075 1727 2150 patrocinari,
1782 2083 1851 2133 ut
1902 2085 2111 2135 nostro

307 2172 539 2230 scilicet
584 2172 773 2230 labori
818 2178 1115 2248 parcatur.
1206 2171 1452 2229 Etenim
1499 2173 1794 2248 ejusmodi
1836 2194 1962 2232 rem
2006 2195 2111 2232 an-

308 2271 660 2347 quirendam
693 2278 876 2346 atque
907 2271 1336 2328 excutiendam
1364 2270 1545 2328 hodie
1576 2272 1950 2348 suscipimus,
1976 2294 2111 2349 quae

307 2369 467 2427 haud
531 2370 654 2427 scio
710 2389 787 2427 an
847 2369 1098 2426 minime
1157 2370 1428 2427 oninium
1488 2371 1821 2448 peregrinae
1886 2371 2111 2450 linguae
2167 2389 2172 2394 ·

311 2486 504 2525 moras
544 2487 613 2526 ac
647 2466 886 2524 vincula
915 2467 1087 2524 ferat.

398 2565 560 2623 Nam
604 2566 884 2642 primuni,
922 2584 1062 2622 cum
1104 2565 1383 2622 universo
1423 2565 1564 2623 huic
1604 2567 1832 2643 generi,
1863 2567 1962 2624 cui
2002 2587 2111 2625 no-

309 2684 445 2721 men
491 2664 740 2722 Poetica
783 2664 1027 2732 inditur,
1067 2662 1341 2739 plurimae
1386 2664 1565 2722 simul
1599 2665 1945 2742 voluptates
1986 2666 2110 2724 sint

310 2770 542 2838 praest0‚
569 2763 744 2820 variae
766 2763 1098 2839 praesertim
1132 2782 1202 2819 ac
1226 2762 1612 2839 multiplices,
1637 2764 1924 2840 mirisque
1949 2766 2111 2823 inter

309 2880 372 2918 se
435 2861 627 2917 modis
686 2862 964 2918 immistae
1026 2861 1151 2918 fere
1211 2868 1395 2937 atque
1455 2861 1781 2938 implicitae,
1841 2863 2106 2940 aliquam

310 2969 512 3016 tamen
547 2978 727 3015 unam
760 2977 835 3015 ex
879 2958 1175 3025 omnibUS,
1208 2979 1385 3033 quam
1419 2962 1718 3036 praecipue
1758 2982 1827 3019 ac
1870 2965 2108 3040 proprie

314 3055 622 3112 Poetis-am
671 3054 975 3130 appellare
1023 3054 1204 3111 liceat
1247 3055 1645 3131 voluptatem,
1684 3077 1996 3118 secernere
2042 3069 2107 3119 et

308 3171 581 3227 separare
611 3152 979 3209 conabimur.

396 3248 650 3316 Deinde,
683 3268 789 3324 per
833 3250 1126 3307 immensa
1170 3253 1315 3308 artis
1361 3255 1555 3327 spatia
1600 3273 1672 3310 eo
1719 3255 1970 3314 consilio
2002 3257 2108 3314 de-

307 3344 668 3403 currendum
700 3345 831 3412 erit,
862 3354 931 3402 ut
963 3347 1247 3422 primaria
1276 3348 1403 3406 haec
1435 3349 1731 3427 voluptaS,
1765 3352 1813 3410 si
1845 3372 1964 3428 qua
2005 3353 2103 3419 sit,

307 3442 575 3519 vestigiis
622 3442 845 3518 ubique
893 3443 1246 3522 indagetur3
1301 3454 1371 3503 ut
1418 3448 1761 3506 declaretur
1805 3459 2101 3526 quantum

306 3557 377 3595 ea
420 3536 632 3605 valeat,
676 3543 807 3593 tum
850 3539 923 3595 ad
967 3559 1192 3616 genera
1233 3542 1655 3618 dispertienda,
1695 3551 1826 3603 tum
1876 3547 1951 3603 ad
1997 3565 2105 3604 ex-

302 3635 607 3711 plicandas
660 3636 975 3695 doctorum
1029 3639 1344 3698 hominum
1399 3642 1475 3698 de
1522 3643 1801 3701 universa
1849 3639 2103 3703 Poetica
