2320 4126
176 286 332 320 PRAEL.
356 285 410 318 11.
506 265 713 334 Triplex
735 265 810 317 rei
824 266 1037 333 poeticae
1061 265 1206 334 apud
1227 266 1432 316 rusticos
1455 265 1605 316 ratic).
1850 267 1919 320 19

174 407 425 464 motiora
453 425 722 482 quaeque,
759 405 873 462 illis
916 404 1239 471 familiaria,
1277 405 1463 479 magis
1502 403 1808 478 placeant3
1852 411 1920 460 ut

174 501 235 557 hi
265 503 338 558 de
369 502 632 559 locorum
667 502 1010 558 amoenitate
1041 502 1353 575 disputare,
1383 499 1468 555 illi
1510 499 1920 555 communibus

173 603 395 653 naturae
446 596 613 653 donis
662 597 919 672 gaudere
969 602 1032 652 et
1081 595 1315 671 gloriari
1369 594 1696 650 videantur.
1782 593 1919 661 Quo

171 691 382 765 posit0,
429 710 635 748 vereor
678 699 747 748 ut
793 691 975 766 pluris
1022 691 1241 748 faciant
1289 697 1320 721 ‘⁶
1343 709 1478 746 rura
1528 696 1590 746 et
1631 690 1815 765 riguis
1857 689 1920 745 in

172 783 421 841 vallibus
480 786 714 842 amnes”
771 785 957 851 liberi,
1017 786 1118 860 qui
1177 791 1482 852 vocantur,
1543 784 1918 860 ingenuique,

171 897 348 953 quam
390 880 565 936 rudes
608 886 670 936 et
712 881 935 937 indocti
973 880 1258 937 homines.
1347 879 1421 936 In
1464 886 1715 954 utroque
1759 883 1920 935 certe

171 993 350 1031 censu
381 974 581 1047 (modo
624 975 778 1033 absit
814 977 991 1033 verbo
1034 975 1278 1051 invidia)
1322 995 1440 1031 non
1483 976 1568 1031 ita
1609 974 1813 1031 multis
1849 992 1919 1030 ea

169 1071 328 1126 cordi
359 1088 486 1127 esse
515 1072 790 1146 suspicor.

270 1163 516 1233 Verum,
561 1185 637 1222 ne
682 1167 914 1243 longius
951 1167 1199 1233 abeamg
1259 1168 1359 1240 qui
1405 1185 1523 1221 non
1563 1184 1735 1222 versu
1778 1184 1918 1222 con-

167 1260 458 1316 cinnando
516 1262 773 1319 divinam
831 1269 1021 1319 artem
1080 1261 1477 1317 circumscribi
1537 1261 1760 1326 volunt,
1812 1260 1916 1318 sed

165 1353 388 1429 aliquid
431 1357 611 1414 etiam
662 1359 819 1432 apud
870 1357 1181 1414 illiteratos
1232 1357 1306 1413 ad
1354 1355 1568 1412 Poesin
1618 1357 1914 1431 pertinere

165 1451 471 1508 nobiscum
515 1453 891 1520 arbitrantur,
931 1452 1184 1510 illorum,
1211 1460 1563 1528 argumenta
1608 1453 1656 1509 si
1696 1470 1914 1526 expen-

165 1546 305 1604 dere
334 1549 464 1623 quis
493 1547 654 1614 velit,
686 1568 823 1605 eum
854 1549 977 1604 fere
1013 1548 1279 1604 omnium
1319 1553 1588 1603 tenorem
1634 1547 1913 1612 inveniet,

163 1659 343 1714 quem
379 1647 591 1697 nostrae
629 1642 935 1700 sententiae
971 1642 1059 1697 vis
1104 1661 1172 1698 ac
1211 1642 1362 1698 ratio
1397 1641 1674 1716 postulet.
1751 1641 1912 1699 Nam

164 1735 278 1790 tria
323 1735 694 1809 potissimum
738 1736 963 1793 faciunt
1005 1755 1239 1812 genera,
1281 1738 1461 1811 juxta
1504 1755 1650 1810 quae,
1695 1738 1914 1811 impru-

164 1830 309 1886 dens
354 1841 533 1905 atque
576 1833 774 1898 inscia,
816 1832 1064 1907 prodere
1109 1851 1172 1888 se
1218 1833 1434 1888 dicitur
1464 1832 1708 1889 Poetica
1749 1850 1917 1889 mens

160 1927 514 2002 agrestium:
560 1947 762 1995 unum,
793 1928 951 2002 quod
991 1929 1051 1983 in
1086 1928 1394 1984 admonitu
1422 1928 1724 1995 locorum3
1767 1927 1915 1984 alte-

161 2038 309 2086 rum,
353 2022 511 2094 quod
553 2022 615 2077 in
661 2022 947 2078 desiderio
990 2029 1394 2091 mortuorum3
1446 2024 1708 2090 tertium,
1753 2023 1911 2097 quod

160 2114 221 2170 in
250 2113 532 2190 religione
562 2122 624 2172 et
651 2117 983 2173 reverentia
1012 2116 1129 2173 De'i
1160 2116 1302 2192 Opt.
1336 2117 1504 2174 Max.
1536 2124 1817 2174 versatur.

265 2397 368 2455 An
413 2399 588 2476 longa
633 2421 736 2458 vos
781 2402 1044 2458 oratione
1089 2404 1337 2459 docendi
1381 2403 1536 2467 estis,
1582 2420 1759 2474 quam
1809 2421 1910 2457 cu-

160 2493 313 2566 pide,
338 2513 630 2570 quamque
661 2496 924 2567 solerter,
955 2497 1218 2554 locorum
1247 2500 1525 2573 ipsorum,
1549 2515 1695 2571 quos
1724 2495 1908 2553 semel

159 2588 502 2657 adamarint‚
531 2593 878 2648 memoriam
918 2610 1147 2649 servare
1184 2593 1408 2650 soleant
1449 2593 1734 2657 homines,
1774 2591 1908 2646 sim-

158 2682 296 2756 plici
347 2704 415 2740 ac
467 2686 783 2759 tranquilla
839 2687 1000 2743 vita?
1087 2689 1282 2744 Fuere
1338 2687 1440 2761 qui
1496 2687 1652 2743 fame
1698 2686 1908 2742 confici

158 2777 490 2845 maluerint,
522 2799 698 2853 quam
737 2788 881 2837 nota
918 2801 1056 2838 arva
1090 2783 1352 2856 finesque
1378 2782 1742 2856 relinquere:
1788 2780 1904 2844 alii,

158 2872 365 2929 relicta
420 2873 597 2949 longo
654 2875 966 2932 intervallo
1024 2877 1362 2943 revisentes,
1406 2877 1707 2952 aegerrime
1753 2877 1907 2932 tule-

157 2973 296 3023 runt
337 2970 554 3025 mutari
595 2971 824 3037 omnia;
865 2971 1084 3026 muniri
1124 2972 1261 3038 vias,
1306 2972 1659 3027 torrentium
1701 2971 1904 3027 alveos

156 3063 407 3137 purgari,
439 3070 541 3120 “et
563 3083 805 3122 nemora
834 3067 1020 3122 everti
1042 3066 1262 3123 multos
1284 3068 1497 3142 ignava
1523 3086 1629 3141 per
1651 3067 1901 3123 annos?

156 3175 275 3213 non
310 3157 594 3226 tulerunt,
627 3161 885 3234 inquam,
922 3162 1094 3236 egeni
1131 3162 1417 3228 homines,
1446 3161 1691 3217 meliora
1733 3180 1803 3217 ea
1841 3167 1903 3217 et

157 3253 553 3309 commodiora
590 3253 733 3311 fieri.
821 3255 918 3311 Ita
946 3256 1223 3312 videlicet
1253 3257 1476 3330 optime
1506 3255 1902 3323 declarabant,

157 3363 272 3417 quo
313 3347 597 3404 desiderio
636 3367 741 3405 sua
778 3369 913 3406 rura
952 3358 1476 3425 prosequerentur:
1524 3356 1703 3424 atque
1741 3351 1898 3406 haud

156 3439 274 3495 scio
324 3459 394 3496 an
448 3442 680 3516 gravius
737 3443 916 3499 fuerit
964 3444 1264 3510 indicium,
1306 3464 1483 3519 quam
1534 3445 1598 3511 si,
1643 3445 1902 3518 locuple-

154 3534 331 3591 tiores
377 3537 477 3609 qui
527 3545 737 3603 essent,
785 3538 993 3594 eadem
1046 3540 1343 3596 dicerent:
1403 3540 1508 3596 hos
1560 3542 1718 3596 enim
1777 3541 1902 3613 ipsa

1071 3651 1108 3691 C
1137 3641 1172 3691 2
