2320 4126
335 233 409 289 90
470 231 754 285 Homerum
779 233 992 286 consilio
1018 233 1256 305 deleyisse
1281 233 1427 287 breve
1453 233 1574 288 belli
1598 243 1794 306 tempus
1809 257 1826 288 .·
1868 255 2026 290 PRAEL.
2053 258 2144 292 vn.

337 377 461 445 bat,
516 377 677 452 quod
738 396 927 434 unum
989 378 1183 455 magis
1243 377 1366 435 late
1415 379 1546 454 jam
1607 398 1840 456 sparsas
1891 381 2145 442 Graeciae

335 473 594 532 familias
630 482 764 531 tum
807 475 968 532 inter
1008 494 1069 532 se
1117 475 1441 533 conciliare
1481 484 1705 552 posset,
1738 486 1871 536 tum
1919 500 1996 538 ex
2042 482 2146 540 ad-

335 590 507 629 verso
539 571 829 630 Asiaticis
860 591 1182 649 opponere.

421 669 624 739 Quare
682 692 790 747 pro
851 679 983 729 rato
1042 671 1217 728 nobis
1270 677 1531 739 maneat,
1584 680 1782 730 morte
1836 672 2144 733 Hectoris,

333 776 622 845 certoque
681 769 871 846 Trojae
921 770 1208 837 exscidio,
1256 770 1552 828 contineri
1601 790 1905 828 summum
1961 782 2145 850 caput

334 864 577 925 Iliadis:
643 866 808 924 Iram
855 866 1119 926 Achillis
1168 869 1369 926 verius
1416 869 1536 926 dici
1580 868 1834 927 Nodum
1880 869 2145 940 Fabulae,

332 964 540 1040 (quem
573 973 751 1023 vocat
775 965 1190 1045 Aristoteles),
1223 987 1406 1044 quam
1431 969 1622 1027 totius
1644 971 1942 1046 poematis
1967 990 2144 1048 argu-

330 1070 629 1122 mentum.
721 1064 841 1123 Per
887 1086 1023 1124 eam
1065 1086 1287 1143 nempe
1325 1067 1429 1124 diu
1479 1069 1721 1126 stetisse
1770 1069 2144 1145 perhibetur,

329 1183 407 1221 ne
440 1163 639 1222 Danai
671 1167 1010 1243 superiores
1042 1167 1406 1225 evaderent:
1456 1186 1528 1224 ea
1559 1167 1840 1244 primum,
1873 1188 2143 1237 accensa,

329 1261 532 1321 locum
572 1266 742 1323 dedit
783 1286 1025 1344 pugnae,
1058 1285 1130 1324 ea
1168 1265 1405 1334 deinde,
1447 1265 1703 1343 placata,
1745 1268 2142 1326 certissimam

329 1361 644 1421 victoriam
677 1364 908 1422 attulit.

415 1561 693 1632 Habetis,
742 1564 1118 1632 Academici,
1168 1565 1449 1622 carminis
1498 1563 1761 1621 universi
1803 1564 2140 1631 materiem,

326 1662 711 1739 magnificam
757 1665 1123 1740 cumprimiS,
1156 1682 1418 1740 vereque
1463 1662 1738 1739 Epicam,
1782 1669 1846 1720 et
1891 1662 2140 1738 quidem

327 1780 404 1818 ex
443 1780 516 1819 eo
547 1762 710 1820 bello
741 1764 1016 1839 petitam,
1049 1783 1169 1840 quo
1210 1763 1272 1819 in
1314 1763 1581 1840 gerendo
1624 1762 2140 1838 conjunctissimae

325 1859 593 1930 fuerunt,
639 1869 703 1919 et
748 1870 1026 1920 extremo
1073 1862 1243 1938 quasi
1286 1862 1421 1918 nisu
1471 1859 1662 1929 elatae,
1708 1859 1851 1918 hinc
1892 1859 2140 1918 Graeciae

323 1958 491 2017 illinc
523 1958 688 2018 Asiae
732 1962 905 2020 vires.
997 1961 1217 2038 Itaque
1263 1960 1443 2038 plane
1489 1960 1610 2018 καθ’
1660 1959 1821 2038 εὐχὴν
1860 1959 2140 2037 contigit,

324 2067 393 2116 ut
443 2067 731 2137 tanquam
776 2062 888 2120 sub
933 2082 1056 2119 uno
1102 2067 1435 2138 conspectu
1480 2066 1810 2137 poneretur
1849 2057 2138 2134 quicquid

323 2158 611 2233 utrinque
682 2159 1028 2217 venerabile
1102 2167 1262 2217 esset
1336 2178 1406 2216 ac
1480 2178 1789 2236 magnum,
1851 2157 2137 2233 quicquid

322 2256 568 2314 heroica
642 2259 870 2316 virtute
944 2259 1227 2335 famaque
1301 2257 1662 2335 percelleret
1731 2257 1999 2314 maxime
2067 2277 2138 2314 ac

323 2364 700 2432 pertentaret
732 2359 983 2416 animos,

442 2455 764 2526 Praeterea,
826 2458 902 2514 de
966 2459 1246 2516 universo
1306 2456 1470 2514 bello
1537 2475 1609 2513 ea
1669 2455 1889 2513 videtis
1951 2455 2137 2535 deligi

326 2563 616 2631 tempora,
684 2576 816 2631 quae
884 2564 947 2614 et
1014 2557 1248 2614 bellicis
1315 2556 1494 2614 rebus
1562 2556 1872 2611 intentum
1945 2554 2135 2632 (quod

322 2653 588 2728 primum
657 2654 983 2713 statuimus
1040 2656 1298 2714 heroicae
1357 2654 1575 2712 indolis
1627 2653 1945 2729 indicium)
2008 2674 2135 2734 prae

324 2753 555 2810 caeteris
605 2773 990 2813 commovere
1034 2757 1286 2833 possint,
1337 2761 1400 2813 et
1441 2754 1697 2832 gloriam
1746 2759 1880 2810 tum
1921 2752 2135 2811 Graio-

325 2871 477 2918 rum,
509 2860 643 2909 tum
675 2855 976 2931 praecipue
1008 2853 1271 2913 Achillis
1303 2855 1394 2912 sui
1438 2850 1858 2933 (ἡρωικωτάτου
1899 2850 2134 2909 scilicet

324 2951 623 3026 omnium)
666 2952 729 3009 in
762 2952 1090 3012 clarissima
1119 2955 1257 3013 luce
1287 2961 1535 3031 ponant.
1626 2952 1806 3022 Quod
1844 2952 2006 3009 enim
2046 2952 2133 3009 ait

324 3047 708 3118 AristoteleS‚
723 3052 1057 3127 jucundius
1081 3073 1211 3111 esse
1234 3051 1306 3111 τὸ
1328 3051 1702 3133 ἀθροωτέρον,
1728 3051 1933 3108 omnia
1955 3050 2134 3107 nimi-

321 3168 456 3205 rum
504 3149 779 3208 conferta
826 3172 895 3209 ac
935 3153 1120 3210 densa
1151 3152 1409 3210 vividius
1452 3150 1901 3227 quodammodo
1950 3148 2130 3206 ferire

321 3250 641 3318 animum3
714 3251 775 3307 id
835 3252 908 3308 -in
983 3258 1343 3329 argumento
1415 3249 1641 3317 Iliadis,
1701 3248 1894 3306 sicubi
1965 3247 2129 3316 aliaS,

321 3348 719 3406 animadverti
751 3357 971 3426 potest.
1051 3351 1401 3409 Certamina
1433 3349 1537 3406 diu
1568 3347 1813 3423 lateque
1847 3347 2127 3423 dispersa,

322 3447 603 3505 omnibus
656 3449 883 3506 circum
937 3450 1244 3508 littoribus
1304 3456 1367 3506 et
1418 3446 1647 3514 insulis,
1696 3453 1954 3522 angusto
1995 3445 2127 3521 jam

321 3545 515 3619 spatio
563 3547 891 3606 incluserat
951 3550 1194 3607 fortuna
1251 3547 1414 3616 belli,
1465 3554 1529 3605 et
1583 3548 1644 3603 in
1703 3546 2127 3603 brevissimum

321 3653 563 3721 tempus
608 3648 1002 3724 compulerat.
1093 3648 1329 3718 Quibus
1370 3647 1550 3705 rebus
1590 3644 1842 3703 mirifice
1876 3644 2129 3719 juvatur

2299 3716 2320 4126 Qmmfflnmfflss...
2311 3683 2320 3702 ,ς
2312 3640 2320 3650 ·.
2316 3608 2320 3617 ,,
