2320 4126
340 213 451 267 346
837 213 983 280 Quid
1004 214 1081 268 ad
1103 215 1293 268 Poesin
1318 215 1625 270 contulerint
1838 236 1999 269 PRAEL,
2028 235 2139 269 xnt.

340 365 631 424 acerrime
654 366 922 441 torqueri
948 364 1102 424 solet
1131 365 1581 443 ingeniosorum
1604 366 1920 425 hominum
1953 369 2141 426 natio,

343 459 652 519 Mirantur
711 461 1017 530 videlicet,
1091 462 1376 538 primum,
1436 463 1739 538 quomodo
1813 483 1940 521 aevo
2018 470 2143 522 tam

341 558 510 617 brevi
547 579 654 617 seu
698 560 855 617 bene
899 578 1007 617 seu
1047 578 1219 618 secus
1260 567 1396 618 acta
1437 567 1787 619 mereantur
1825 561 2146 639 agentibus

339 655 684 713 mercedem
717 656 780 712 in
811 675 990 713 omne
1022 662 1305 733 tempus:
1370 657 1606 725 deinde,
1640 659 1743 734 qui
1774 659 1901 716 fieri
1934 659 2141 735 possit,

343 750 476 809 Deo
519 751 593 811 O.
629 750 722 810 Μ.
760 753 1117 830 imperante,
1155 761 1226 812 ut
1268 754 1519 813 innoxia
1562 755 1879 814 brutorum
1925 776 2148 834 genera

340 850 706 927 participent
758 851 911 909 adeo
959 870 1200 928 poenam
1254 851 1538 923 hominis,
1579 853 1751 929 cujus
1797 873 1919 911 non
1965 854 2149 930 parti-

341 948 675 1024 cipaverint
735 948 994 1026 culpam.
1134 948 1482 1028 Utrumque
1540 951 1770 1009 nodum
1829 950 2011 1009 solvit
2069 970 2148 1009 ex

340 1045 543 1122 aliqua
590 1054 764 1124 parte
809 1045 1211 1126 Pythagorea,
1260 1068 1443 1125 quam
1486 1056 1723 1118 vocant,
1773 1048 2152 1127 Metempsy-

341 1144 561 1204 chosis:
607 1165 751 1204 nam
795 1152 859 1204 et
903 1153 1146 1223 tempus
1189 1147 1464 1204 merendi
1509 1166 1717 1224 poenas
1761 1146 1860 1205 vel
1904 1148 2177 1223 praemia*

339 1242 404 1299 in
437 1243 746 1301 infinitum
784 1243 964 1320 plane
1001 1245 1298 1311 extendit,
1337 1251 1401 1303 et
1437 1244 1639 1322 palam
1677 1244 1960 1313 declarat,
1998 1244 2150 1302 nihil

341 1341 718 1399 immeritum
759 1342 886 1418 pati
930 1342 1119 1399 videri
1159 1342 1489 1419 quidquam
1535 1342 1979 1411 animantium3
2045 1361 2151 1399 ne-

342 1439 566 1498 scimus
611 1439 775 1497 enim
814 1439 1011 1516 plane,
1043 1446 1341 1516 quantum
1381 1441 1636 1516 quisque
1681 1446 1825 1497 ante
1860 1458 2150 1516 peccave-

340 1536 438 1605 rit,
470 1556 651 1614 quam
691 1537 1004 1595 devenerit
1042 1538 1107 1594 in
1151 1557 1286 1595 eam
1329 1538 1611 1614 speciem,
1641 1556 1762 1612 qua
1805 1536 1923 1593 frui
1966 1537 2148 1595 hodie

342 1654 485 1693 eum
535 1635 824 1694 videmus.
916 1635 1120 1704 Quare
1167 1634 1254 1692 nil
1302 1633 1525 1693 mirum
1571 1635 1761 1692 videri
1808 1634 2009 1703 debet,
2046 1634 2151 1693 ab·

343 1732 475 1791 dito
536 1733 736 1791 adhuc
797 1752 1070 1810 supernae
1131 1733 1402 1791 veritatis
1460 1732 1709 1801 lumine,
1773 1733 1823 1791 si
1881 1732 2150 1791 maxima

340 1849 477 1907 pars
530 1830 893 1907 sapientium
938 1830 1003 1887 in
1047 1849 1182 1888 eam
1227 1829 1546 1898 rationem,
1595 1848 1703 1887 seu
1751 1830 1955 1906 potius
2007 1849 2148 1888 con-

331 1927 657 2004 jecturam,
684 1928 1025 1996 consensit3
1065 1928 1398 2004 praesertim
1429 1946 1570 1984 cum
1601 1945 1674 1984 ea
1703 1927 1955 1984 mirifice
1985 1947 2150 1985 com-

341 2027 630 2084 mendare
679 2045 743 2084 se
783 2025 1063 2083 debuerit
1106 2025 1330 2094 PoetiS,
1381 2026 1543 2102 quod
1585 2044 1777 2103 genus
1820 2044 1960 2083 cum
2004 2023 2150 2082 Phi-

342 2123 634 2199 Iosophiae
671 2123 1004 2181 cultoribus
1048 2123 1524 2181 familiaritatem
1570 2143 1690 2200 prae
1731 2124 1969 2182 caeteris
2007 2123 2149 2180 inti-

342 2240 508 2279 mam
556 2240 795 2298 semper
839 2220 1073 2278 habuit.
1165 2220 1347 2278 Ultro
1378 2228 1587 2279 autem
1618 2221 1881 2289 cernitiS,
1918 2222 2146 2297 opinor,

344 2319 612 2395 quisquis
656 2324 974 2395 poetarum
1028 2337 1100 2375 ea
1151 2317 1337 2374 fuerit
1382 2317 1682 2394 opinione,
1744 2317 1918 2375 illum
1972 2316 2148 2375 oculo

343 2417 608 2493 quodam
646 2417 887 2493 proprio
919 2414 1475 2491 contemplaturum
1512 2416 1987 2491 unumquodque
2023 2415 2151 2473 ani-

343 2513 618 2582 malium,
678 2519 743 2570 et
801 2512 866 2570 in
918 2512 1275 2589 profundius
1326 2513 1556 2570 iturum
1609 2512 1950 2589 cogitandO,
2004 2512 2148 2588 quid

342 2614 594 2671 tandem
640 2613 753 2671 sibi
797 2612 990 2671 velint
1038 2613 1166 2670 fata
1210 2613 1339 2690 ejus
1384 2618 1569 2689 atque
1627 2631 1843 2682 moreS,
1904 2619 1967 2670 et
2017 2611 2151 2669 uni-

343 2731 550 2771 versus
580 2712 720 2770 vitae
749 2711 1083 2788 mortisque
1115 2718 1309 2769 tenor.

430 2807 645 2886 Atque
679 2809 833 2868 illud
881 2810 1134 2867 fortasse
1176 2817 1323 2878 erat,
1356 2810 1519 2885 quod
1563 2809 1627 2866 in
1668 2807 2008 2886 prodigiosa
2046 2806 2152 2864 illa

342 2907 843 2987 μεταμορφωσέων
891 2907 1044 2966 serie
1095 2914 1338 2965 tantum
1392 2907 1589 2983 operis
1632 2907 1835 2983 posuit
1880 2904 2152 2963 ethnico-

343 3025 481 3063 rum
535 3005 780 3064 Poesis:
848 3005 1350 3063 convenientibus
1401 3004 1521 3063 illis
1588 3024 1711 3062 non
1758 3004 1964 3080 inepte
2011 3022 2152 3061 cum

344 3103 596 3172 somnio,
650 3104 811 3180 quod
874 3103 1154 3172 diximUS,
1215 3102 1654 3180 philosophico.
1762 3102 1926 3172 Quid
1986 3102 2149 3159 enim

344 3202 511 3260 aliud
575 3200 1027 3282 μεταμόρφωσις
1094 3200 1412 3270 Ovidiana‚
1487 3209 1673 3279 atque
1749 3200 2151 3279 Pythagorica

342 3297 807 3380 μετεμψύχωσ-ις,
826 3300 936 3359 nisi
967 3301 1129 3376 quod
1158 3299 1327 3359 illam
1357 3300 1510 3359 citra
1538 3306 1800 3357 mortem
1830 3305 2031 3356 tactus
2062 3297 2151 3354 di-

345 3397 498 3455 vinae
531 3398 626 3456 vel
657 3400 911 3477 magicae
943 3399 1264 3476 potestatis
1296 3397 1624 3459 effecerat?
1714 3398 1931 3472 Itaque
1962 3396 2149 3458 etiam

345 3498 691 3574 ingeniosus
763 3497 866 3555 ille
926 3498 1245 3556 verborum
1315 3503 1498 3572 atque
1572 3496 1851 3553 carminis
1924 3493 2145 3552 artifex

346 3594 771 3673 Pythagoram,
834 3616 953 3654 suae
1001 3596 1218 3654 rationi
1281 3595 1781 3676 patrocinantem,
1836 3592 2147 3669 eleganter
