<?xml version="1.0" encoding="UTF-8"?>
<!DOCTYPE html PUBLIC "-//W3C//DTD XHTML 1.0 Transitional//EN"
    "http://www.w3.org/TR/xhtml1/DTD/xhtml1-transitional.dtd">
<html xmlns="http://www.w3.org/1999/xhtml" xml:lang="en" lang="en">
 <head>
  <title>
</title>
<meta http-equiv="Content-Type" content="text/html;charset=utf-8" />
  <meta name='ocr-system' content='tesseract 3.04.00' />
  <meta name='ocr-capabilities' content='ocr_page ocr_carea ocr_par ocr_line ocrx_word'/>
</head>
<body>
  <div class='ocr_page' id='page_1' title='image "./a588873901kebluoft_0287.png"; bbox 0 0 2320 4126; ppageno 0'>
   <div class='ocr_carea' id='block_1_1' title="bbox 181 235 1935 302">
    <p class='ocr_par' dir='ltr' id='par_1_1' title="bbox 181 235 1935 302">
     <span class='ocr_line' id='line_1_1' title="bbox 181 235 1935 302; baseline -0.002 -14"><span class='ocrx_word' id='word_1_1' title='bbox 181 255 480 292; x_wconf 57' lang='lat' dir='ltr'>pasenxvr.</span> <span class='ocrx_word' id='word_1_2' title='bbox 530 253 628 288; x_wconf 73' lang='lat' dir='ltr'>non</span> <span class='ocrx_word' id='word_1_3' title='bbox 651 236 955 302; x_wconf 71' lang='lat' dir='ltr'>sinefru&#39;ctu</span> <span class='ocrx_word' id='word_1_4' title='bbox 979 248 1076 287; x_wconf 79' lang='lat' dir='ltr'>sese</span> <span class='ocrx_word' id='word_1_5' title='bbox 1100 236 1312 286; x_wconf 74' lang='lat' dir='ltr'>invicem</span> <span class='ocrx_word' id='word_1_6' title='bbox 1338 235 1589 287; x_wconf 63' lang='lat' dir='ltr'>aemulari.</span> <span class='ocrx_word' id='word_1_7' title='bbox 1828 238 1935 291; x_wconf 70' lang='lat'>277</span> 
     </span>
    </p>
   </div>
   <div class='ocr_carea' id='block_1_2' title="bbox 148 376 1941 3628">
    <p class='ocr_par' dir='ltr' id='par_1_2' title="bbox 179 376 1932 726">
     <span class='ocr_line' id='line_1_2' title="bbox 182 376 1932 455; baseline -0.002 -19"><span class='ocrx_word' id='word_1_8' title='bbox 182 380 281 454; x_wconf 90' lang='lat' dir='ltr'>qui</span> <span class='ocrx_word' id='word_1_9' title='bbox 313 379 591 455; x_wconf 82' lang='lat' dir='ltr'><strong>legitimis</strong></span> <span class='ocrx_word' id='word_1_10' title='bbox 632 387 943 454; x_wconf 88' lang='lat' dir='ltr'>poetarum</span> <span class='ocrx_word' id='word_1_11' title='bbox 986 378 1288 434; x_wconf 79' lang='lat' dir='ltr'>ordinibus</span> <span class='ocrx_word' id='word_1_12' title='bbox 1329 383 1503 432; x_wconf 90' lang='lat' dir='ltr'>erunt</span> <span class='ocrx_word' id='word_1_13' title='bbox 1541 376 1932 433; x_wconf 89' lang='lat' dir='ltr'>adscribendi:</span> 
     </span>
     <span class='ocr_line' id='line_1_3' title="bbox 180 473 1932 550; baseline -0.002 -19"><span class='ocrx_word' id='word_1_14' title='bbox 180 476 280 550; x_wconf 92' lang='lat' dir='ltr'>qui</span> <span class='ocrx_word' id='word_1_15' title='bbox 328 475 498 531; x_wconf 88' lang='lat' dir='ltr'>facile</span> <span class='ocrx_word' id='word_1_16' title='bbox 545 475 736 532; x_wconf 89' lang='lat' dir='ltr'>ferant</span> <span class='ocrx_word' id='word_1_17' title='bbox 789 495 893 533; x_wconf 92' lang='lat' dir='ltr'>sua</span> <span class='ocrx_word' id='word_1_18' title='bbox 943 474 1202 531; x_wconf 92' lang='lat' dir='ltr'>carmina</span> <span class='ocrx_word' id='word_1_19' title='bbox 1253 491 1456 529; x_wconf 88' lang='lat' dir='ltr'>secum</span> <span class='ocrx_word' id='word_1_20' title='bbox 1508 473 1708 538; x_wconf 91' lang='lat' dir='ltr'>emori,</span> <span class='ocrx_word' id='word_1_21' title='bbox 1753 474 1932 528; x_wconf 91' lang='lat' dir='ltr'>modo</span> 
     </span>
     <span class='ocr_line' id='line_1_4' title="bbox 181 568 1930 637; baseline -0.001 -10"><span class='ocrx_word' id='word_1_22' title='bbox 181 572 511 628; x_wconf 89' lang='lat' dir='ltr'>viventibus</span> <span class='ocrx_word' id='word_1_23' title='bbox 569 579 631 628; x_wconf 92' lang='lat' dir='ltr'>et</span> <span class='ocrx_word' id='word_1_24' title='bbox 695 589 905 629; x_wconf 88' lang='lat' dir='ltr'>canere</span> <span class='ocrx_word' id='word_1_25' title='bbox 960 571 1210 637; x_wconf 81' lang='lat' dir='ltr'>licuerit,</span> <span class='ocrx_word' id='word_1_26' title='bbox 1271 576 1332 626; x_wconf 89' lang='lat' dir='ltr'>et</span> <span class='ocrx_word' id='word_1_27' title='bbox 1396 587 1565 625; x_wconf 87' lang='lat' dir='ltr'>aures</span> <span class='ocrx_word' id='word_1_28' title='bbox 1622 568 1930 625; x_wconf 89' lang='lat' dir='ltr'>hominum</span> 
     </span>
     <span class='ocr_line' id='line_1_5' title="bbox 179 668 698 726; baseline -0.002 0"><span class='ocrx_word' id='word_1_29' title='bbox 179 670 445 726; x_wconf 89' lang='lat' dir='ltr'>canendo</span> <span class='ocrx_word' id='word_1_30' title='bbox 475 668 698 725; x_wconf 88' lang='lat' dir='ltr'>fallere.</span> 
     </span>
    </p>

    <p class='ocr_par' dir='ltr' id='par_1_3' title="bbox 155 761 1941 3052">
     <span class='ocr_line' id='line_1_6' title="bbox 258 761 1929 840; baseline -0.002 -19"><span class='ocrx_word' id='word_1_31' title='bbox 258 764 473 840; x_wconf 81' lang='lat' dir='ltr'>Neque</span> <span class='ocrx_word' id='word_1_32' title='bbox 524 784 661 821; x_wconf 84' lang='lat' dir='ltr'>vero</span> <span class='ocrx_word' id='word_1_33' title='bbox 708 765 767 820; x_wconf 91' lang='lat' dir='ltr'>in</span> <span class='ocrx_word' id='word_1_34' title='bbox 819 764 909 820; x_wconf 90' lang='lat' dir='ltr'>his</span> <span class='ocrx_word' id='word_1_35' title='bbox 953 763 1127 820; x_wconf 89' lang='lat' dir='ltr'>rebus</span> <span class='ocrx_word' id='word_1_36' title='bbox 1172 781 1277 820; x_wconf 93' lang='lat' dir='ltr'>sua</span> <span class='ocrx_word' id='word_1_37' title='bbox 1321 761 1377 816; x_wconf 91' lang='lat' dir='ltr'>vi</span> <span class='ocrx_word' id='word_1_38' title='bbox 1422 779 1657 836; x_wconf 85' lang='lat' dir='ltr'>prorsus</span> <span class='ocrx_word' id='word_1_39' title='bbox 1704 761 1929 818; x_wconf 80' lang='lat' dir='ltr'>carebit</span> 
     </span>
     <span class='ocr_line' id='line_1_7' title="bbox 175 856 1934 937; baseline -0.003 -20"><span class='ocrx_word' id='word_1_40' title='bbox 175 861 276 918; x_wconf 91' lang='lat' dir='ltr'>illa</span> <span class='ocrx_word' id='word_1_41' title='bbox 306 862 404 918; x_wconf 90' lang='lat' dir='ltr'>fax</span> <span class='ocrx_word' id='word_1_42' title='bbox 434 860 821 937; x_wconf 89' lang='lat' dir='ltr'>ingeniorum,</span> <span class='ocrx_word' id='word_1_43' title='bbox 851 878 1199 936; x_wconf 89' lang='lat' dir='ltr'>magnorum</span> <span class='ocrx_word' id='word_1_44' title='bbox 1231 876 1474 933; x_wconf 91' lang='lat' dir='ltr'>operum</span> <span class='ocrx_word' id='word_1_45' title='bbox 1506 856 1702 924; x_wconf 78' lang='lat' dir='ltr'>altrix,</span> <span class='ocrx_word' id='word_1_46' title='bbox 1722 857 1934 913; x_wconf 87' lang='lat' dir='ltr'>AEmu-</span> 
     </span>
     <span class='ocr_line' id='line_1_8' title="bbox 176 944 1941 1030; baseline -0.002 -16"><span class='ocrx_word' id='word_1_47' title='bbox 176 958 335 1014; x_wconf 75' lang='lat' dir='ltr'>latio,</span> <span class='ocrx_word' id='word_1_48' title='bbox 422 957 634 1025; x_wconf 90' lang='lat' dir='ltr'>Erunt,</span> <span class='ocrx_word' id='word_1_49' title='bbox 665 957 860 1024; x_wconf 90' lang='lat' dir='ltr'>cred0,</span> <span class='ocrx_word' id='word_1_50' title='bbox 890 975 1042 1013; x_wconf 91' lang='lat' dir='ltr'>unus</span> <span class='ocrx_word' id='word_1_51' title='bbox 1074 963 1136 1012; x_wconf 91' lang='lat' dir='ltr'>et</span> <span class='ocrx_word' id='word_1_52' title='bbox 1165 955 1335 1022; x_wconf 91' lang='lat' dir='ltr'>alter,</span> <span class='ocrx_word' id='word_1_53' title='bbox 1365 973 1581 1030; x_wconf 90' lang='lat' dir='ltr'>magno</span> <span class='ocrx_word' id='word_1_54' title='bbox 1613 961 1675 1010; x_wconf 90' lang='lat' dir='ltr'>et</span> <span class='ocrx_word' id='word_1_55' title='bbox 1705 944 1941 1011; x_wconf 31' lang='lat' dir='ltr'>fervido*</span> 
     </span>
     <span class='ocr_line' id='line_1_9' title="bbox 174 1049 1931 1130; baseline -0.002 -21"><span class='ocrx_word' id='word_1_56' title='bbox 174 1053 408 1130; x_wconf 80' lang='lat' dir='ltr'>ingenio</span> <span class='ocrx_word' id='word_1_57' title='bbox 460 1053 583 1121; x_wconf 89' lang='lat' dir='ltr'>viri,</span> <span class='ocrx_word' id='word_1_58' title='bbox 638 1072 783 1128; x_wconf 90' lang='lat' dir='ltr'>quos</span> <span class='ocrx_word' id='word_1_59' title='bbox 831 1053 980 1109; x_wconf 92' lang='lat' dir='ltr'>adeo</span> <span class='ocrx_word' id='word_1_60' title='bbox 1031 1070 1150 1108; x_wconf 89' lang='lat' dir='ltr'>non</span> <span class='ocrx_word' id='word_1_61' title='bbox 1202 1050 1419 1126; x_wconf 85' lang='lat' dir='ltr'>frigore</span> <span class='ocrx_word' id='word_1_62' title='bbox 1478 1050 1651 1105; x_wconf 88' lang='lat' dir='ltr'>feriet</span> <span class='ocrx_word' id='word_1_63' title='bbox 1710 1049 1931 1106; x_wconf 90' lang='lat' dir='ltr'>eximia</span> 
     </span>
     <span class='ocr_line' id='line_1_10' title="bbox 172 1146 1931 1225; baseline -0.001 -21"><span class='ocrx_word' id='word_1_64' title='bbox 172 1149 493 1223; x_wconf 90' lang='lat' dir='ltr'>priscorum</span> <span class='ocrx_word' id='word_1_65' title='bbox 538 1149 968 1225; x_wconf 83' lang='lat' dir='ltr'>exemplarium</span> <span class='ocrx_word' id='word_1_66' title='bbox 1011 1147 1409 1223; x_wconf 83' lang='lat' dir='ltr'>pulchritudO,</span> <span class='ocrx_word' id='word_1_67' title='bbox 1453 1153 1523 1202; x_wconf 91' lang='lat' dir='ltr'>ut</span> <span class='ocrx_word' id='word_1_68' title='bbox 1567 1146 1787 1221; x_wconf 84' lang='lat' dir='ltr'>stylum</span> <span class='ocrx_word' id='word_1_69' title='bbox 1832 1165 1931 1203; x_wconf 93' lang='lat' dir='ltr'>eo-</span> 
     </span>
     <span class='ocr_line' id='line_1_11' title="bbox 173 1243 1927 1323; baseline -0.001 -23"><span class='ocrx_word' id='word_1_70' title='bbox 173 1263 302 1301; x_wconf 91' lang='lat' dir='ltr'>rum</span> <span class='ocrx_word' id='word_1_71' title='bbox 361 1248 547 1323; x_wconf 88' lang='lat' dir='ltr'>magis</span> <span class='ocrx_word' id='word_1_72' title='bbox 605 1247 909 1323; x_wconf 81' lang='lat' dir='ltr'>magisque</span> <span class='ocrx_word' id='word_1_73' title='bbox 966 1253 1155 1312; x_wconf 92' lang='lat' dir='ltr'>acuat,</span> <span class='ocrx_word' id='word_1_74' title='bbox 1215 1245 1457 1319; x_wconf 90' lang='lat' dir='ltr'>ipsaque</span> <span class='ocrx_word' id='word_1_75' title='bbox 1515 1243 1927 1318; x_wconf 86' lang='lat' dir='ltr'>magnitudine</span> 
     </span>
     <span class='ocr_line' id='line_1_12' title="bbox 176 1339 1929 1419; baseline -0.001 -21"><span class='ocrx_word' id='word_1_76' title='bbox 176 1343 366 1417; x_wconf 90' lang='lat' dir='ltr'>operis</span> <span class='ocrx_word' id='word_1_77' title='bbox 397 1362 560 1419; x_wconf 91' lang='lat' dir='ltr'>spem</span> <span class='ocrx_word' id='word_1_78' title='bbox 592 1344 917 1400; x_wconf 89' lang='lat' dir='ltr'>confirmet.</span> <span class='ocrx_word' id='word_1_79' title='bbox 1006 1342 1198 1397; x_wconf 87' lang='lat' dir='ltr'>Erunt</span> <span class='ocrx_word' id='word_1_80' title='bbox 1229 1341 1468 1415; x_wconf 91' lang='lat' dir='ltr'>quidem</span> <span class='ocrx_word' id='word_1_81' title='bbox 1500 1339 1794 1405; x_wconf 81' lang='lat' dir='ltr'>rarissimi,</span> <span class='ocrx_word' id='word_1_82' title='bbox 1825 1340 1929 1396; x_wconf 91' lang='lat' dir='ltr'>sed</span> 
     </span>
     <span class='ocr_line' id='line_1_13' title="bbox 172 1434 1929 1515; baseline -0.001 -21"><span class='ocrx_word' id='word_1_83' title='bbox 172 1447 346 1496; x_wconf 90' lang='lat' dir='ltr'>erunt</span> <span class='ocrx_word' id='word_1_84' title='bbox 386 1447 604 1497; x_wconf 91' lang='lat' dir='ltr'>tamen.</span> <span class='ocrx_word' id='word_1_85' title='bbox 694 1440 911 1515; x_wconf 90' lang='lat' dir='ltr'>Neque</span> <span class='ocrx_word' id='word_1_86' title='bbox 955 1439 1115 1496; x_wconf 89' lang='lat' dir='ltr'>enim</span> <span class='ocrx_word' id='word_1_87' title='bbox 1159 1437 1296 1495; x_wconf 88' lang='lat' dir='ltr'>solis</span> <span class='ocrx_word' id='word_1_88' title='bbox 1337 1437 1398 1493; x_wconf 93' lang='lat' dir='ltr'>id</span> <span class='ocrx_word' id='word_1_89' title='bbox 1442 1435 1659 1493; x_wconf 88' lang='lat' dir='ltr'>accidit</span> <span class='ocrx_word' id='word_1_90' title='bbox 1702 1434 1929 1493; x_wconf 88' lang='lat' dir='ltr'>bellicae</span> 
     </span>
     <span class='ocr_line' id='line_1_14' title="bbox 170 1530 1930 1612; baseline -0.001 -21"><span class='ocrx_word' id='word_1_91' title='bbox 170 1535 377 1612; x_wconf 79' lang='lat' dir='ltr'>gloriae</span> <span class='ocrx_word' id='word_1_92' title='bbox 421 1538 797 1603; x_wconf 89' lang='lat' dir='ltr'>amatoribus,</span> <span class='ocrx_word' id='word_1_93' title='bbox 828 1543 898 1593; x_wconf 94' lang='lat' dir='ltr'>ut</span> <span class='ocrx_word' id='word_1_94' title='bbox 942 1543 1111 1612; x_wconf 87' lang='lat' dir='ltr'>parta</span> <span class='ocrx_word' id='word_1_95' title='bbox 1139 1554 1174 1591; x_wconf 94' lang='lat' dir='ltr'>a</span> <span class='ocrx_word' id='word_1_96' title='bbox 1205 1533 1484 1590; x_wconf 86' lang='lat' dir='ltr'>Miltiade</span> <span class='ocrx_word' id='word_1_97' title='bbox 1522 1540 1748 1608; x_wconf 89' lang='lat' dir='ltr'>tropaea</span> <span class='ocrx_word' id='word_1_98' title='bbox 1775 1530 1930 1589; x_wconf 90' lang='lat' dir='ltr'>The—</span> 
     </span>
     <span class='ocr_line' id='line_1_15' title="bbox 171 1629 1929 1704; baseline 0 -19"><span class='ocrx_word' id='word_1_99' title='bbox 171 1630 503 1687; x_wconf 90' lang='lat' dir='ltr'>mistoclem</span> <span class='ocrx_word' id='word_1_100' title='bbox 547 1651 665 1688; x_wconf 90' lang='lat' dir='ltr'>non</span> <span class='ocrx_word' id='word_1_101' title='bbox 710 1633 903 1688; x_wconf 90' lang='lat' dir='ltr'>sinant</span> <span class='ocrx_word' id='word_1_102' title='bbox 957 1631 1227 1687; x_wconf 90' lang='lat' dir='ltr'>dormire.</span> <span class='ocrx_word' id='word_1_103' title='bbox 1362 1629 1580 1704; x_wconf 92' lang='lat' dir='ltr'>Neque</span> <span class='ocrx_word' id='word_1_104' title='bbox 1627 1630 1701 1686; x_wconf 94' lang='lat' dir='ltr'>ad</span> <span class='ocrx_word' id='word_1_105' title='bbox 1749 1629 1929 1686; x_wconf 88' lang='lat' dir='ltr'>libros</span> 
     </span>
     <span class='ocr_line' id='line_1_16' title="bbox 168 1726 1929 1802; baseline 0 -20"><span class='ocrx_word' id='word_1_106' title='bbox 168 1732 233 1782; x_wconf 88' lang='lat' dir='ltr'>et</span> <span class='ocrx_word' id='word_1_107' title='bbox 262 1728 336 1783; x_wconf 93' lang='lat' dir='ltr'>ad</span> <span class='ocrx_word' id='word_1_108' title='bbox 366 1727 496 1783; x_wconf 92' lang='lat' dir='ltr'>haec</span> <span class='ocrx_word' id='word_1_109' title='bbox 529 1726 841 1784; x_wconf 88' lang='lat' dir='ltr'>Musarum</span> <span class='ocrx_word' id='word_1_110' title='bbox 872 1727 1025 1783; x_wconf 91' lang='lat' dir='ltr'>dona</span> <span class='ocrx_word' id='word_1_111' title='bbox 1054 1746 1173 1783; x_wconf 89' lang='lat' dir='ltr'>non</span> <span class='ocrx_word' id='word_1_112' title='bbox 1202 1726 1540 1802; x_wconf 88' lang='lat' dir='ltr'>pertinebit,</span> <span class='ocrx_word' id='word_1_113' title='bbox 1573 1726 1748 1800; x_wconf 90' lang='lat' dir='ltr'>quale</span> <span class='ocrx_word' id='word_1_114' title='bbox 1777 1726 1929 1782; x_wconf 89' lang='lat' dir='ltr'>refe-</span> 
     </span>
     <span class='ocr_line' id='line_1_17' title="bbox 170 1822 1926 1898; baseline 0.002 -22"><span class='ocrx_word' id='word_1_115' title='bbox 170 1829 309 1878; x_wconf 89' lang='lat' dir='ltr'>runt</span> <span class='ocrx_word' id='word_1_116' title='bbox 350 1822 594 1879; x_wconf 89' lang='lat' dir='ltr'>effatum</span> <span class='ocrx_word' id='word_1_117' title='bbox 640 1823 928 1880; x_wconf 83' lang='lat' dir='ltr'>excidisse</span> <span class='ocrx_word' id='word_1_118' title='bbox 968 1823 1215 1898; x_wconf 88' lang='lat' dir='ltr'>principi</span> <span class='ocrx_word' id='word_1_119' title='bbox 1253 1823 1518 1879; x_wconf 87' lang='lat' dir='ltr'>omnium</span> <span class='ocrx_word' id='word_1_120' title='bbox 1551 1823 1791 1890; x_wconf 90' lang='lat' dir='ltr'>Pictori,</span> <span class='ocrx_word' id='word_1_121' title='bbox 1825 1825 1926 1898; x_wconf 95' lang='lat' dir='ltr'>qui</span> 
     </span>
     <span class='ocr_line' id='line_1_18' title="bbox 167 1917 1926 1994; baseline 0.002 -20"><span class='ocrx_word' id='word_1_122' title='bbox 167 1937 304 1974; x_wconf 89' lang='lat' dir='ltr'>cum</span> <span class='ocrx_word' id='word_1_123' title='bbox 341 1925 495 1975; x_wconf 88' lang='lat' dir='ltr'>esset</span> <span class='ocrx_word' id='word_1_124' title='bbox 533 1917 954 1976; x_wconf 90' lang='lat' dir='ltr'>Architectura</span> <span class='ocrx_word' id='word_1_125' title='bbox 983 1938 1217 1994; x_wconf 91' lang='lat' dir='ltr'>quoque</span> <span class='ocrx_word' id='word_1_126' title='bbox 1260 1918 1491 1984; x_wconf 92' lang='lat' dir='ltr'>nobilis,</span> <span class='ocrx_word' id='word_1_127' title='bbox 1525 1919 1754 1985; x_wconf 87' lang='lat' dir='ltr'>Romae,</span> <span class='ocrx_word' id='word_1_128' title='bbox 1785 1939 1926 1977; x_wconf 90' lang='lat' dir='ltr'>con-</span> 
     </span>
     <span class='ocr_line' id='line_1_19' title="bbox 168 2013 1925 2091; baseline 0.002 -21"><span class='ocrx_word' id='word_1_129' title='bbox 168 2013 461 2089; x_wconf 87' lang='lat' dir='ltr'>templans</span> <span class='ocrx_word' id='word_1_130' title='bbox 503 2033 796 2072; x_wconf 90' lang='lat' dir='ltr'>cameram</span> <span class='ocrx_word' id='word_1_131' title='bbox 842 2015 1049 2091; x_wconf 87' lang='lat' dir='ltr'>templi</span> <span class='ocrx_word' id='word_1_132' title='bbox 1091 2015 1340 2090; x_wconf 87' lang='lat' dir='ltr'>alicujus</span> <span class='ocrx_word' id='word_1_133' title='bbox 1380 2014 1454 2071; x_wconf 92' lang='lat' dir='ltr'>de</span> <span class='ocrx_word' id='word_1_134' title='bbox 1486 2015 1925 2084; x_wconf 80' lang='lat' dir='ltr'>vetustioribuS,</span> 
     </span>
     <span class='ocr_line' id='line_1_20' title="bbox 167 2108 1924 2186; baseline 0.002 -21"><span class='ocrx_word' id='word_1_135' title='bbox 167 2108 441 2176; x_wconf 86' lang='lat' dir='ltr'>“Bene,’&#39;</span> <span class='ocrx_word' id='word_1_136' title='bbox 499 2110 729 2184; x_wconf 91' lang='lat' dir='ltr'>inquit;</span> <span class='ocrx_word' id='word_1_137' title='bbox 803 2118 915 2167; x_wconf 88' lang='lat' dir='ltr'>“at</span> <span class='ocrx_word' id='word_1_138' title='bbox 971 2111 1112 2186; x_wconf 91' lang='lat' dir='ltr'>quid</span> <span class='ocrx_word' id='word_1_139' title='bbox 1170 2111 1217 2168; x_wconf 88' lang='lat' dir='ltr'>si</span> <span class='ocrx_word' id='word_1_140' title='bbox 1275 2110 1589 2185; x_wconf 89' lang='lat' dir='ltr'>aliquando</span> <span class='ocrx_word' id='word_1_141' title='bbox 1648 2111 1924 2169; x_wconf 88' lang='lat' dir='ltr'>videbitis</span> 
     </span>
     <span class='ocr_line' id='line_1_21' title="bbox 155 2207 1925 2284; baseline 0.002 -22"><span class='ocrx_word' id='word_1_142' title='bbox 155 2207 446 2284; x_wconf 11' lang='lat' dir='ltr'>‘fornicem</span> <span class='ocrx_word' id='word_1_143' title='bbox 493 2208 690 2273; x_wconf 90' lang='lat' dir='ltr'>istum,</span> <span class='ocrx_word' id='word_1_144' title='bbox 733 2227 868 2264; x_wconf 92' lang='lat' dir='ltr'>meo</span> <span class='ocrx_word' id='word_1_145' title='bbox 915 2228 1106 2283; x_wconf 90' lang='lat' dir='ltr'>opere,</span> <span class='ocrx_word' id='word_1_146' title='bbox 1151 2208 1349 2265; x_wconf 90' lang='lat' dir='ltr'>medio</span> <span class='ocrx_word' id='word_1_147' title='bbox 1394 2209 1578 2265; x_wconf 90' lang='lat' dir='ltr'>ferme</span> <span class='ocrx_word' id='word_1_148' title='bbox 1622 2210 1755 2266; x_wconf 69' lang='lat' dir='ltr'>aere</span> <span class='ocrx_word' id='word_1_149' title='bbox 1799 2228 1925 2267; x_wconf 90' lang='lat' dir='ltr'>sus-</span> 
     </span>
     <span class='ocr_line' id='line_1_22' title="bbox 165 2303 1926 2381; baseline 0.002 -22"><span class='ocrx_word' id='word_1_150' title='bbox 165 2303 428 2377; x_wconf 69' lang='lat' dir='ltr'>pendi?’&#39;</span> <span class='ocrx_word' id='word_1_151' title='bbox 473 2303 545 2360; x_wconf 93' lang='lat' dir='ltr'>Id</span> <span class='ocrx_word' id='word_1_152' title='bbox 575 2305 732 2379; x_wconf 93' lang='lat' dir='ltr'>quod</span> <span class='ocrx_word' id='word_1_153' title='bbox 763 2305 1018 2362; x_wconf 89' lang='lat' dir='ltr'>eundem</span> <span class='ocrx_word' id='word_1_154' title='bbox 1048 2305 1296 2363; x_wconf 90' lang='lat' dir='ltr'>mirifice</span> <span class='ocrx_word' id='word_1_155' title='bbox 1327 2306 1672 2381; x_wconf 77' lang='lat' dir='ltr'>praestitisse</span> <span class='ocrx_word' id='word_1_156' title='bbox 1703 2312 1926 2363; x_wconf 89' lang='lat' dir='ltr'>testan-</span> 
     </span>
     <span class='ocr_line' id='line_1_23' title="bbox 166 2400 1924 2477; baseline 0.003 -23"><span class='ocrx_word' id='word_1_157' title='bbox 166 2405 279 2466; x_wconf 85' lang='lat' dir='ltr'>tur,</span> <span class='ocrx_word' id='word_1_158' title='bbox 324 2406 392 2455; x_wconf 90' lang='lat' dir='ltr'>ut</span> <span class='ocrx_word' id='word_1_159' title='bbox 435 2401 620 2468; x_wconf 88' lang='lat' dir='ltr'>aiunt,</span> <span class='ocrx_word' id='word_1_160' title='bbox 665 2400 963 2476; x_wconf 86' lang='lat' dir='ltr'>laquearia</span> <span class='ocrx_word' id='word_1_161' title='bbox 1007 2401 1067 2458; x_wconf 83' lang='lat' dir='ltr'>S.</span> <span class='ocrx_word' id='word_1_162' title='bbox 1100 2401 1283 2458; x_wconf 92' lang='lat' dir='ltr'>Petri.</span> <span class='ocrx_word' id='word_1_163' title='bbox 1372 2402 1586 2477; x_wconf 85' lang='lat' dir='ltr'>Itaque</span> <span class='ocrx_word' id='word_1_164' title='bbox 1630 2422 1751 2459; x_wconf 89' lang='lat' dir='ltr'>non</span> <span class='ocrx_word' id='word_1_165' title='bbox 1796 2408 1924 2459; x_wconf 85' lang='lat' dir='ltr'>erat</span> 
     </span>
     <span class='ocr_line' id='line_1_24' title="bbox 164 2494 1921 2574; baseline 0.003 -24"><span class='ocrx_word' id='word_1_166' title='bbox 164 2494 351 2551; x_wconf 89' lang='lat' dir='ltr'>inanis</span> <span class='ocrx_word' id='word_1_167' title='bbox 380 2495 481 2551; x_wconf 89' lang='lat' dir='ltr'>illa</span> <span class='ocrx_word' id='word_1_168' title='bbox 499 2496 766 2571; x_wconf 89' lang='lat' dir='ltr'>jactatio,</span> <span class='ocrx_word' id='word_1_169' title='bbox 792 2499 891 2554; x_wconf 91' lang='lat' dir='ltr'>sed</span> <span class='ocrx_word' id='word_1_170' title='bbox 917 2498 1084 2555; x_wconf 85' lang='lat' dir='ltr'>fortis</span> <span class='ocrx_word' id='word_1_171' title='bbox 1108 2505 1169 2554; x_wconf 91' lang='lat' dir='ltr'>et</span> <span class='ocrx_word' id='word_1_172' title='bbox 1200 2498 1586 2564; x_wconf 52' lang='lat' dir='ltr'>honesta-vox</span> <span class='ocrx_word' id='word_1_173' title='bbox 1608 2499 1921 2574; x_wconf 88' lang='lat' dir='ltr'>magnifice</span> 
     </span>
     <span class='ocr_line' id='line_1_25' title="bbox 165 2590 1921 2668; baseline 0.004 -23"><span class='ocrx_word' id='word_1_174' title='bbox 165 2590 240 2646; x_wconf 91' lang='lat' dir='ltr'>de</span> <span class='ocrx_word' id='word_1_175' title='bbox 270 2608 348 2658; x_wconf 89' lang='lat' dir='ltr'>se,</span> <span class='ocrx_word' id='word_1_176' title='bbox 372 2609 564 2665; x_wconf 90' lang='lat' dir='ltr'>neque</span> <span class='ocrx_word' id='word_1_177' title='bbox 596 2598 799 2649; x_wconf 88' lang='lat' dir='ltr'>tamen</span> <span class='ocrx_word' id='word_1_178' title='bbox 828 2612 1155 2668; x_wconf 90' lang='lat' dir='ltr'>perperam,</span> <span class='ocrx_word' id='word_1_179' title='bbox 1187 2595 1514 2652; x_wconf 85' lang='lat' dir='ltr'>sentientis.</span> <span class='ocrx_word' id='word_1_180' title='bbox 1575 2594 1691 2651; x_wconf 88' lang='lat' dir='ltr'>Par</span> <span class='ocrx_word' id='word_1_181' title='bbox 1720 2601 1828 2663; x_wconf 88' lang='lat' dir='ltr'>est,</span> <span class='ocrx_word' id='word_1_182' title='bbox 1852 2602 1921 2652; x_wconf 88' lang='lat' dir='ltr'>ut</span> 
     </span>
     <span class='ocr_line' id='line_1_26' title="bbox 161 2685 1923 2765; baseline 0.004 -24"><span class='ocrx_word' id='word_1_183' title='bbox 161 2685 223 2742; x_wconf 88' lang='lat' dir='ltr'>in</span> <span class='ocrx_word' id='word_1_184' title='bbox 253 2705 317 2742; x_wconf 92' lang='lat' dir='ltr'>re</span> <span class='ocrx_word' id='word_1_185' title='bbox 346 2705 580 2761; x_wconf 90' lang='lat' dir='ltr'>quoque</span> <span class='ocrx_word' id='word_1_186' title='bbox 615 2688 848 2762; x_wconf 87' lang='lat' dir='ltr'>poetica</span> <span class='ocrx_word' id='word_1_187' title='bbox 877 2688 996 2745; x_wconf 89' lang='lat' dir='ltr'>tale</span> <span class='ocrx_word' id='word_1_188' title='bbox 1035 2688 1255 2763; x_wconf 89' lang='lat' dir='ltr'>aliquid</span> <span class='ocrx_word' id='word_1_189' title='bbox 1296 2690 1597 2746; x_wconf 91' lang='lat' dir='ltr'>interdum</span> <span class='ocrx_word' id='word_1_190' title='bbox 1637 2697 1923 2765; x_wconf 83' lang='lat' dir='ltr'>putemus</span> 
     </span>
     <span class='ocr_line' id='line_1_27' title="bbox 159 2782 1922 2862; baseline 0.003 -24"><span class='ocrx_word' id='word_1_191' title='bbox 159 2783 412 2839; x_wconf 87' lang='lat' dir='ltr'>evenire.</span> <span class='ocrx_word' id='word_1_192' title='bbox 481 2782 656 2851; x_wconf 86' lang='lat' dir='ltr'>Quod</span> <span class='ocrx_word' id='word_1_193' title='bbox 688 2785 918 2858; x_wconf 91' lang='lat' dir='ltr'>quoties</span> <span class='ocrx_word' id='word_1_194' title='bbox 947 2786 1193 2853; x_wconf 90' lang='lat' dir='ltr'>accidet,</span> <span class='ocrx_word' id='word_1_195' title='bbox 1224 2793 1317 2843; x_wconf 90' lang='lat' dir='ltr'>tot</span> <span class='ocrx_word' id='word_1_196' title='bbox 1344 2787 1597 2843; x_wconf 90' lang='lat' dir='ltr'>edentur</span> <span class='ocrx_word' id='word_1_197' title='bbox 1625 2787 1922 2862; x_wconf 79' lang='lat' dir='ltr'>exempla,</span> 
     </span>
     <span class='ocr_line' id='line_1_28' title="bbox 161 2879 1926 2956; baseline 0.003 -21"><span class='ocrx_word' id='word_1_198' title='bbox 161 2879 373 2953; x_wconf 90' lang='lat' dir='ltr'>quibus</span> <span class='ocrx_word' id='word_1_199' title='bbox 403 2879 785 2955; x_wconf 82' lang='lat' dir='ltr'>intelligatur,</span> <span class='ocrx_word' id='word_1_200' title='bbox 810 2888 1030 2956; x_wconf 90' lang='lat' dir='ltr'>quanto</span> <span class='ocrx_word' id='word_1_201' title='bbox 1061 2901 1197 2938; x_wconf 91' lang='lat' dir='ltr'>cum</span> <span class='ocrx_word' id='word_1_202' title='bbox 1228 2882 1383 2939; x_wconf 91' lang='lat' dir='ltr'>bono</span> <span class='ocrx_word' id='word_1_203' title='bbox 1416 2882 1671 2940; x_wconf 91' lang='lat' dir='ltr'>Poeseos</span> <span class='ocrx_word' id='word_1_204' title='bbox 1700 2884 1926 2942; x_wconf 77' lang='lat' dir='ltr'>extite-</span> 
     </span>
     <span class='ocr_line' id='line_1_29' title="bbox 158 2975 1132 3052; baseline 0.004 -22"><span class='ocrx_word' id='word_1_205' title='bbox 158 2975 276 3031; x_wconf 91' lang='lat' dir='ltr'>rint</span> <span class='ocrx_word' id='word_1_206' title='bbox 306 2976 453 3032; x_wconf 91' lang='lat' dir='ltr'>adeo</span> <span class='ocrx_word' id='word_1_207' title='bbox 482 2976 764 3051; x_wconf 90' lang='lat' dir='ltr'>praeclara</span> <span class='ocrx_word' id='word_1_208' title='bbox 793 2979 918 3052; x_wconf 89' lang='lat' dir='ltr'>ejus</span> <span class='ocrx_word' id='word_1_209' title='bbox 948 2978 1132 3034; x_wconf 90' lang='lat' dir='ltr'>initia.</span> 
     </span>
    </p>

    <p class='ocr_par' dir='ltr' id='par_1_4' title="bbox 148 3070 1922 3628">
     <span class='ocr_line' id='line_1_30' title="bbox 203 3070 1917 3150; baseline 0.004 -24"><span class='ocrx_word' id='word_1_210' title='bbox 203 3120 207 3125; x_wconf 87' lang='lat'>.</span> <span class='ocrx_word' id='word_1_211' title='bbox 240 3070 424 3128; x_wconf 91' lang='lat' dir='ltr'>Porro</span> <span class='ocrx_word' id='word_1_212' title='bbox 469 3070 673 3146; x_wconf 79' lang='lat' dir='ltr'>qua&#39;nti</span> <span class='ocrx_word' id='word_1_213' title='bbox 717 3073 777 3130; x_wconf 93' lang='lat' dir='ltr'>id</span> <span class='ocrx_word' id='word_1_214' title='bbox 822 3073 948 3131; x_wconf 89' lang='lat' dir='ltr'>fore</span> <span class='ocrx_word' id='word_1_215' title='bbox 999 3074 1374 3143; x_wconf 81' lang='lat' dir='ltr'>existimatiS,</span> <span class='ocrx_word' id='word_1_216' title='bbox 1413 3081 1482 3132; x_wconf 91' lang='lat' dir='ltr'>ut</span> <span class='ocrx_word' id='word_1_217' title='bbox 1526 3075 1703 3150; x_wconf 92' lang='lat' dir='ltr'>pleno</span> <span class='ocrx_word' id='word_1_218' title='bbox 1748 3077 1917 3150; x_wconf 72' lang='lat' dir='ltr'>quasi</span> 
     </span>
     <span class='ocr_line' id='line_1_31' title="bbox 155 3167 1922 3245; baseline 0.003 -22"><span class='ocrx_word' id='word_1_219' title='bbox 155 3168 351 3224; x_wconf 89' lang='lat' dir='ltr'>animo</span> <span class='ocrx_word' id='word_1_220' title='bbox 379 3167 784 3226; x_wconf 87' lang='lat' dir='ltr'>laborantibus</span> <span class='ocrx_word' id='word_1_221' title='bbox 813 3176 1032 3245; x_wconf 86' lang='lat' dir='ltr'>praesto</span> <span class='ocrx_word' id='word_1_222' title='bbox 1062 3170 1180 3227; x_wconf 86' lang='lat' dir='ltr'>sint</span> <span class='ocrx_word' id='word_1_223' title='bbox 1211 3170 1405 3238; x_wconf 88' lang='lat' dir='ltr'>verba,</span> <span class='ocrx_word' id='word_1_224' title='bbox 1438 3189 1628 3238; x_wconf 80' lang='lat' dir='ltr'>voceS,</span> <span class='ocrx_word' id='word_1_225' title='bbox 1659 3173 1922 3239; x_wconf 77' lang='lat' dir='ltr'>numeri,²</span> 
     </span>
     <span class='ocr_line' id='line_1_32' title="bbox 155 3266 1911 3342; baseline 0.001 -21"><span class='ocrx_word' id='word_1_226' title='bbox 155 3282 406 3338; x_wconf 90' lang='lat' dir='ltr'>quorum</span> <span class='ocrx_word' id='word_1_227' title='bbox 449 3283 560 3338; x_wconf 91' lang='lat' dir='ltr'>ope</span> <span class='ocrx_word' id='word_1_228' title='bbox 604 3283 729 3322; x_wconf 89' lang='lat' dir='ltr'>sese</span> <span class='ocrx_word' id='word_1_229' title='bbox 778 3267 1100 3342; x_wconf 88' lang='lat' dir='ltr'>expediant</span> <span class='ocrx_word' id='word_1_230' title='bbox 1144 3286 1219 3323; x_wconf 93' lang='lat' dir='ltr'>ex</span> <span class='ocrx_word' id='word_1_231' title='bbox 1264 3273 1415 3323; x_wconf 88' lang='lat' dir='ltr'>aestu</span> <span class='ocrx_word' id='word_1_232' title='bbox 1453 3266 1556 3323; x_wconf 93' lang='lat' dir='ltr'>illo</span> <span class='ocrx_word' id='word_1_233' title='bbox 1600 3266 1911 3342; x_wconf 91' lang='lat' dir='ltr'>cogitatio-</span> 
     </span>
     <span class='ocr_line' id='line_1_33' title="bbox 153 3359 1922 3439; baseline 0.002 -23"><span class='ocrx_word' id='word_1_234' title='bbox 153 3378 295 3416; x_wconf 89' lang='lat' dir='ltr'>num</span> <span class='ocrx_word' id='word_1_235' title='bbox 355 3366 417 3416; x_wconf 91' lang='lat' dir='ltr'>et</span> <span class='ocrx_word' id='word_1_236' title='bbox 472 3359 833 3434; x_wconf 78' lang='lat' dir='ltr'>phantasiae!</span> <span class='ocrx_word' id='word_1_237' title='bbox 939 3361 1296 3436; x_wconf 76' lang='lat' dir='ltr'>Saepissime,</span> <span class='ocrx_word' id='word_1_238' title='bbox 1356 3363 1552 3429; x_wconf 82' lang='lat' dir='ltr'>cred0,</span> <span class='ocrx_word' id='word_1_239' title='bbox 1609 3369 1922 3439; x_wconf 47' lang='lat' dir='ltr'>anguntur*</span> 
     </span>
     <span class='ocr_line' id='line_1_34' title="bbox 150 3453 1904 3535; baseline 0.004 -26"><span class='ocrx_word' id='word_1_240' title='bbox 150 3453 438 3530; x_wconf 88' lang='lat' dir='ltr'>ingeniosi</span> <span class='ocrx_word' id='word_1_241' title='bbox 483 3454 767 3524; x_wconf 90' lang='lat' dir='ltr'>homines,</span> <span class='ocrx_word' id='word_1_242' title='bbox 799 3458 957 3531; x_wconf 92' lang='lat' dir='ltr'>quod</span> <span class='ocrx_word' id='word_1_243' title='bbox 1001 3476 1138 3514; x_wconf 89' lang='lat' dir='ltr'>cum</span> <span class='ocrx_word' id='word_1_244' title='bbox 1183 3458 1343 3514; x_wconf 87' lang='lat' dir='ltr'>intus</span> <span class='ocrx_word' id='word_1_245' title='bbox 1384 3457 1646 3515; x_wconf 89' lang='lat' dir='ltr'>habeant</span> <span class='ocrx_word' id='word_1_246' title='bbox 1686 3460 1904 3535; x_wconf 89' lang='lat' dir='ltr'>gravis-</span> 
     </span>
     <span class='ocr_line' id='line_1_35' title="bbox 148 3547 1904 3628; baseline 0.004 -24"><span class='ocrx_word' id='word_1_247' title='bbox 148 3548 321 3606; x_wconf 86' lang='lat' dir='ltr'>simas</span> <span class='ocrx_word' id='word_1_248' title='bbox 380 3547 625 3606; x_wconf 89' lang='lat' dir='ltr'>fortasse</span> <span class='ocrx_word' id='word_1_249' title='bbox 678 3569 770 3608; x_wconf 89' lang='lat' dir='ltr'>res</span> <span class='ocrx_word' id='word_1_250' title='bbox 825 3558 888 3607; x_wconf 93' lang='lat' dir='ltr'>et</span> <span class='ocrx_word' id='word_1_251' title='bbox 948 3551 1141 3610; x_wconf 86' lang='lat' dir='ltr'>Musis</span> <span class='ocrx_word' id='word_1_252' title='bbox 1201 3553 1589 3628; x_wconf 82' lang='lat' dir='ltr'>dignissimaS,</span> <span class='ocrx_word' id='word_1_253' title='bbox 1639 3553 1904 3612; x_wconf 86' lang='lat' dir='ltr'>haereant</span> 
     </span>
    </p>
   </div>
  </div>
 </body>
</html>
