2320 4126
299 162 413 214 344
509 162 788 233 AEsckgqlea
811 165 1050 235 quaedam
1075 167 1139 220 de
1163 168 1727 242 immcmioribusfhris.
1803 191 1964 227 PRAEL.
1985 192 2099 226 xlx.

305 305 554 375 vidistis,
586 304 787 365 Diana
825 326 889 367 se
929 309 1232 370 vindicem
1270 313 1498 388 praebet
1536 333 1659 373 non
1697 317 1967 381 cicurum
1996 318 2101 376 be-

303 404 553 463 stiarum
585 404 786 482 pullis,
816 407 921 465 sed
957 405 1250 487 δρόσοισιν
1280 408 1513 475 ἆέπτοις
1541 417 1798 494 μαλερῶν
1839 413 2098 474 λεόντων.

303 500 416 560 Est
470 504 655 561 etiam
702 503 808 561 ubi
860 503 1342 579 splendidissimo
1390 508 1655 567 carmine
1701 509 1876 588 fingit
1926 512 2100 570 nobis

301 603 510 664 leaenae
554 603 828 662 catulum
880 603 1044 661 domi
1097 604 1257 663 forte
1300 625 1337 664 a
1379 608 1663 684 quopiam
1706 608 1805 678 ali,
1845 629 1916 668 ac
1967 630 2100 669 sero

298 703 549 760 tandem
590 701 803 761 saevire
831 701 1136 779 incipere:
1182 702 1286 780 qui
1325 722 1530 763 versus
1572 724 1820 764 manum
1851 709 2102 787 scripto-

272 801 377 860 ris
406 801 673 880 produnt
703 800 999 877 ejusmodi
1027 799 1166 859 lusu
1204 821 1327 860 non
1356 803 1738 883 inexpertam
1764 815 1824 865 ¹⁰.

840 924 1037 984 ἔθρεψεν
1057 925 1106 970 δὲ
1125 925 1288 971 λέοντα

842 998 961 1044 σι’νιν
981 998 1128 1056 δόμεις
1148 998 1399 1059 ἀγάλακτον
1419 999 1500 1046 οὕ-

839 1089 926 1118 τως
947 1070 1056 1130 ἀνὴρ
1078 1072 1380 1131 φιλόμαστον,

839 1144 889 1190 ἐν
907 1146 1064 1199 βιότου
1082 1145 1361 1204 προτελείοις

838 1218 1018 1278 ἅμερον,
1039 1219 1355 1278 εὐφιλόπαιδα,

839 1291 910 1337 καὶ
930 1293 1139 1350 γεραροῖς
1160 1290 1416 1351 ἐπίχαρτον.

836 1364 983 1409 πολέα
1004 1363 1041 1410 δ’
1064 1363 1164 1424 ἔσχ’
1187 1365 1234 1410 ἐν
1253 1364 1467 1425 ἀγκάλαις

835 1439 1082 1497 νεοτρόφου
1104 1437 1259 1483 τέκνου
1280 1438 1404 1483 δίκαν

835 1511 1100 1570 φαιδρωπὸς
1118 1511 1223 1557 ποτὶ
1243 1513 1388 1570 χεῖρα,
1413 1510 1520 1556 σαί-

840 1601 927 1629 νων
946 1602 994 1629 τε
1014 1585 1214 1643 γαστρὸς
1234 1584 1456 1644 ἀνάγκαις.

291 1679 549 1749 Deinde,
594 1679 702 1737 ubi
746 1685 1000 1737 ventum
1042 1685 1137 1737 est
1181 1679 1258 1737 ad
1303 1679 1537 1738 caedem
1583 1685 1647 1737 et
1698 1679 1775 1737 ad
1820 1679 2094 1739 crudeles

286 1777 513 1855 epulae,
555 1777 760 1835 videte
799 1796 981 1854 quam
1022 1776 1244 1836 leniter
1273 1776 1471 1835 verbis
1520 1783 1662 1855 agat
1701 1777 1911 1847 Poeta,
1960 1784 2093 1836 tan-

282 1877 550 1956 quamde
580 1876 664 1935 cri
697 1876 866 1952 mine
897 1876 989 1934 sui
1020 1876 1335 1952 cujusdam
1365 1875 1612 1934 alumni.

831 1976 1090 2035 χρονισθεὶς
1111 1975 1149 2021 δ’
1173 1975 1405 2035 ἀπέδειξεν

832 2050 934 2097 ἔθος
953 2051 1004 2095 τὸ
1025 2051 1139 2110 πρὸς
1159 2050 1336 2096 τοκέων·
1368 2051 1501 2110 χάριν

832 2124 919 2184 γὰρ
941 2126 1183 2184 τροφοῖσιν
1203 2124 1399 2183 ἀμείβων

835 2199 1167 2257 μηλοφόνοισιν
1185 2197 1366 2257 ἅγαισιν

835 2270 946 2316 δαῖτ’
969 2271 1243 2317 ἀκέλευστος
1265 2272 1457 2327 ἔτευξεν.

374 2366 492 2425 His
533 2367 779 2425 omnino
825 2374 1231 2425 consentanea
1266 2373 1424 2436 sunt,
1462 2385 1595 2443 quae
1638 2366 1943 2426 habentur
1974 2368 2087 2427 sub

279 2466 455 2523 initio
506 2462 1006 2543 Agamemnonis,
1060 2465 1136 2522 de
1184 2463 1498 2521 vulturum
1550 2463 1732 2541 pullis
1783 2466 1925 2525 nido
1978 2485 2085 2526 ex-

279 2561 555 2631 turbatis,
590 2561 788 2638 deque
819 2560 1104 2619 orborum
1140 2567 1463 2638 parentum
1492 2559 1766 2639 gemitu:

639 2679 808 2738 τροπόν
828 2677 1056 2737 αι’γυπίων,
1079 2675 1176 2730 οἵτ’,
1198 2677 1419 2724 ἐκπατίοις

646 2750 813 2810 ἀλγέσι
834 2750 1019 2804 παίδων,
1041 2749 1200 2796 ὕπατοι
1219 2750 1390 2810 λεχέων

701 2823 1104 2882 στροφοδινοῦνται

638 2895 868 2957 πτερύγων
883 2896 1135 2956 ἐρετμοῖσιν
1147 2895 1453 2956 ἐρεσσόμενοι·

702 2968 961 3028 δεμνιοτήρη

637 3043 775 3087 πόνον
795 3042 1048 3101 ὀρταλίχων
1068 3041 1324 3089 ὀλεσαντές.

639 3114 803 3162 ὕπατος
823 3114 861 3160 δ’
883 3111 990 3161 ἀΐων
1010 3118 1041 3173 ἤ
1057 3133 1123 3162 τις
1142 3114 1395 3170 Ἀπολλὼν,

639 3185 663 3243 ἢ
686 3189 799 3240 Πᾶν,
820 3186 846 3244 ἢ
869 3190 988 3240 Ζεῦς,
1010 3186 1273 3243 οἰωνόθροον

698 3262 806 3320 γοὸν
825 3260 1020 3317 ὀξυβόαν

636 3335 774 3379 τῶνδε
794 3334 1018 3392 μετοίκων,
1040 3334 1359 3393 ὑστερόποινον

699 3408 860 3466 πέμπει
882 3409 1139 3467 παραβᾶσιν
1158 3406 1345 3466 Ἐρίνυν.

1015 3570 1043 3590 ”²
1074 3564 1230 3621 Ayam.
1254 3563 1358 3623 696.
