2320 4126
164 273 319 307 PRAEL.
341 271 411 303 xr.
443 251 555 314 Qua
579 248 631 299 vi
654 247 757 298 sint
782 261 983 297 amoena
1007 243 1241 312 quoedam
1266 243 1322 293 in
1347 241 1515 292 insula
1550 241 1760 292 Circaea.
1804 242 1908 292 185

170 397 433 462 insulam,
478 394 769 470 longaque
809 392 1010 467 requie
1050 396 1217 446 erant
1256 387 1594 445 reficiendi:
1639 388 1711 443 ad
1754 406 1912 443 eam-

168 515 280 570 que
308 493 561 549 invitans
606 490 775 548 Circe
821 487 1216 545 dulcissimam
1257 483 1433 541 simul
1478 484 1700 540 reditus
1745 502 1909 558 spem

170 592 495 648 insinuata:

396 706 543 764 μηκέτι
563 709 637 750 νῦν
658 706 841 763 θαλερὸν
860 706 966 762 γόον
986 703 1148 762 ὄρνυτε·
1183 699 1278 746 οἶδα
1299 703 1367 745 καὶ
1388 701 1509 758 αὐτὴ,

395 778 498 836 ἠμὲν
519 778 587 823 ὅσ’
611 778 656 822 ἐν
675 780 817 837 πόντῳ
838 775 983 820 πάθετ’
1006 776 1144 834 ἄλγεα
1159 774 1387 833 ἰχθυόεντι,

398 850 460 907 ἠδ’
483 850 552 895 ὅσ’
573 850 769 908 ἀνάρσιοι
790 848 939 904 ἄνδρες
960 845 1212 903 ἐδηλήσαντ’
1235 846 1305 889 ἐπὶ
1324 845 1506 903 χέρσου.

395 921 493 966 ἀλλ’
516 920 646 980 ἄγετ’,
668 921 834 965 ε’σθίετε
854 922 1044 978 βρώμην,
1067 919 1135 962 καὶ
1155 918 1298 962 πίνετε
1319 915 1448 969 οἶνον,

400 994 565 1039 ε’ίσοκεν
585 991 702 1038 αὖτις
724 993 858 1050 θυμὸν
879 992 939 1036 ε’νὶ
961 990 1178 1047 στήθεσσι
1199 991 1378 1046 λάβητε,

395 1065 484 1111 οἷον
504 1066 575 1110 ὅτε
595 1068 841 1124 πρώτιστον
862 1065 1055 1108 ἐλείπετε
1075 1063 1261 1121 πατρίδα
1280 1065 1407 1121 γαῖαν

397 1140 595 1198 τρηχείης
613 1138 792 1193 Ἰθάκης.

171 1243 404 1301 Videtis
450 1260 597 1306 eam,
640 1248 707 1296 ut
751 1247 878 1296 erat
921 1246 1201 1314 peracuto
1246 1237 1500 1313 ingeni0‚
1530 1236 1698 1299 ‚bene
1741 1254 1911 1291 nosse

168 1347 475 1396 nautarum
520 1345 795 1413 pectora3
840 1343 901 1392 et
946 1336 1185 1391 omnino
1231 1335 1304 1390 de
1347 1351 1418 1390 ea
1459 1351 1596 1389 vere
1647 1331 1761 1389 dici
1810 1351 1913 1406 po-

168 1436 347 1493 tuisse
376 1454 504 1509 quae
535 1435 608 1490 de
640 1432 856 1508 Ulysse
886 1432 1165 1489 dicuntur
1194 1431 1251 1486 in
1285 1430 1492 1496 Iliade,

396 1558 499 1611 ἤπια
520 1553 645 1610 δήνεα
666 1551 779 1598 οἶδει)
786 1587 1118 1597 ............

187 1659 191 1663 ’
249 1659 542 1715 Caeterum
573 1676 701 1732 quae
738 1657 834 1713 isti
877 1655 1088 1712 fabulae
1130 1656 1482 1711 intexuntur
1526 1654 1600 1710 de
1645 1653 1911 1729 sylvestri

165 1754 264 1810 illa
293 1753 628 1820 solitudine,
660 1752 733 1809 de
769 1752 932 1808 fumo
974 1750 1177 1826 procul
1210 1751 1334 1807 viso
1375 1770 1548 1826 super
1590 1749 1910 1814 arboribus,

165 1851 238 1906 de
269 1869 409 1906 voce
449 1850 629 1923 ipsius
658 1848 832 1906 Divae
873 1849 945 1905 ad
992 1847 1174 1905 telam
1210 1856 1419 1924 argute
1461 1846 1742 1913 canentis,
1774 1865 1909 1902 cum

165 1966 268 2022 per
310 1966 370 2003 se
414 1946 806 2021 pulcherrima
835 1953 988 2011 sunt,
1021 1952 1151 2001 tum
1188 1944 1262 2000 ad
1299 1943 1411 2001 hoc
1451 1944 1638 2019 perite
1682 1962 1912 2000 accom-

165 2042 493 2108 modantur,
522 2048 590 2096 ut
629 2041 841 2097 acriter
880 2040 1163 2114 cujusque
1202 2039 1466 2095 animum
1496 2038 1810 2095 intendant
1851 2038 1911 2093 in

167 2140 405 2194 domum
435 2137 834 2213 longinquam,
865 2137 1183 2211 dulcesque
1213 2135 1428 2192 liberos
1439 2146 1482 2189 c,

398 2245 528 2300 ἔστην
548 2245 608 2295 δὲ,
631 2244 878 2299 σκοπιὴνές
896 2245 1230 2288 παιπαλόεσσαν
1249 2243 1456 2295 ἀνέλθων,

397 2317 467 2360 καί
485 2335 557 2372 μοι
579 2316 748 2360 εἐίσατο
770 2317 926 2361 καπνὸς
946 2316 1029 2359 ἀπὸ
1050 2316 1207 2374 χθονὸς
1228 2315 1470 2374 εὐρυοδείης

400 2389 556 2445 Κίρκης
577 2389 622 2432 ἐν
640 2389 884 2447 μεγάροισι,
907 2389 976 2432 διὰ
998 2389 1136 2446 δρυμὰ
1155 2389 1292 2432 πυκνὰ
1312 2389 1381 2432 καὶ
1401 2387 1524 2445 ὕλην.
1543 2423 1552 2432 .
1575 2423 1583 2432 .
1603 2423 1611 2432 .

395 2459 526 2503 ἔσταν
547 2458 581 2502 δ’
605 2458 649 2503 ἐν
668 2458 926 2517 προθύροισι
948 2459 1047 2504 θεᾶς
1067 2460 1451 2516 καλλιπλοκάμοιο,

399 2531 556 2587 Κίρκης
576 2530 611 2574 δ’
635 2531 756 2575 ἔνδον
775 2531 929 2575 ἄκουον
948 2530 1174 2587 ἀειδούσης
1199 2532 1273 2575 ὀπὶ
1294 2534 1420 2588 καλῇ.
1440 2565 1448 2576 .
1470 2564 1479 2575 .
1499 2566 1507 2574 .

396 2605 512 2647 τοῖσι
533 2603 579 2646 δὲ
599 2602 745 2660 μύθων
763 2601 869 2661 ἦρχε
891 2604 1094 2660 Πολίτης.
1114 2638 1123 2647 .
1145 2638 1153 2647 .
1173 2638 1181 2648 .

398 2675 430 2718 ὦ
451 2675 593 2732 φίλοι,
616 2675 736 2720 ἔνδον
756 2677 839 2734 γάρ
861 2695 924 2721 τις
945 2676 1198 2734 ἐποιχομένη
1219 2676 1355 2734 μέγαν
1374 2673 1497 2720 ἴστον

396 2749 528 2791 καλὸν
547 2748 738 2799 ἀοιδιάει,
761 2748 944 2792 δάπεδον
965 2747 1000 2791 δ’
1023 2749 1135 2792 ἅπαν
1154 2747 1464 2805 ἀμφιμέμυκεν,

395 2817 419 2873 ἢ
442 2818 538 2864 θεὸς
558 2817 604 2874 ἧὲ
624 2817 729 2877 γυνή
735 2852 1380 2863 .......................

166 2906 394 2965 Verum
424 2909 485 2963 in
514 2909 604 2965 his
634 2928 703 2965 eo
734 2928 862 2965 sum
894 2909 1134 2983 parcior,
1165 2909 1444 2984 quoniam
1475 2927 1545 2965 ea
1579 2927 1792 2984 magna
1834 2929 1907 2965 ex

166 3012 328 3077 parte
376 3006 732 3062 conveniunt
783 3024 919 3061 cum
971 3005 1202 3080 pictura
1260 3006 1525 3061 omnium
1578 3006 1910 3080 exquisitis-

165 3097 323 3165 sima,
356 3117 470 3173 qua
499 3101 835 3176 depingitur
862 3119 1071 3156 nemus
1101 3108 1163 3156 et
1191 3108 1428 3157 antrum
1460 3095 1802 3176 Calypsusd.

398 3205 496 3249 ἀλλ’
520 3205 591 3249 ὅτε
612 3207 662 3262 δὴ
684 3207 760 3262 τὴν
780 3209 913 3263 νῆσον
933 3207 1113 3265 ἀφίκετο
1135 3206 1282 3263 τηλόθ’
1306 3207 1479 3258 ἐοῦσαν,

398 3275 481 3319 ἕνθ’
506 3277 551 3319 ἐκ
571 3279 730 3321 πόντου
750 3278 832 3330 βὰς
854 3278 1028 3323 ἰοειδέος
1048 3279 1269 3335 ἤπειρόνδε

398 3350 498 3403 ἤιεν,
521 3347 640 3406 ὄφρα
659 3349 769 3407 μέγα
790 3349 924 3394 σπέος
944 3347 1072 3400 ἵκετο,
1095 3352 1154 3407 τῷ
1177 3349 1238 3392 ἐνὶ
1261 3347 1422 3406 Νύμφη

396 3422 507 3463 ναῖεν
528 3421 806 3476 ε’ῦπλόκαμος·
841 3422 915 3476 τὴν
938 3421 972 3464 δ’
993 3419 1138 3464 ἔνδοθι
1160 3420 1310 3476 τέτμεν
1332 3421 1500 3464 ἐοῦσαν·

166 3598 186 3618 a
221 3585 307 3627 Od.
332 3601 372 3628 x.
396 3598 496 3641 457.
608 3584 624 3610 ¹³
659 3586 710 3628 Il.
733 3586 789 3629 iv.
814 3587 913 3641 361.
1027 3594 1047 3616 c
1070 3586 1158 3630 Od.
1183 3602 1225 3629 x.
1255 3587 1350 3640 158,
1376 3600 1474 3637 220,
1500 3586 1598 3629 226.
1721 3586 1738 3610 ‘¹
1769 3602 1810 3630 v.
1835 3600 1906 3643 55.
