2320 4126
173 258 326 291 PRAEL.
347 257 457 292 x111.
506 237 783 290 Telemachi
807 236 1028 298 comitas,
1053 235 1161 302 ipso
1173 235 1424 304 poematis
1446 233 1610 285 initio,
1811 234 1918 283 213

172 388 496 457 congruant
554 381 628 436 ad
686 378 1042 436 desiderium
1101 384 1163 433 et
1219 376 1703 452 indignationem.
1800 373 1921 431 Sed

171 477 244 534 ad
274 476 498 550 reliqua
525 494 841 551 pergamus
852 470 897 530 ¹¹.

402 624 530 679 αὐτὴν
551 623 587 667 δ’
610 624 653 668 ἐς
672 624 826 682 θρόνον
845 621 962 669 εἷσεν
981 615 1110 681 ἄγων,
1132 623 1214 666 ὑπὸ
1234 623 1334 665 λῖτα
1354 619 1578 666 πετάσσας

403 697 548 747 καλὸν,
572 695 811 740 δαιδάλεον·
845 697 928 740 ὑπὸ
951 697 997 740 δὲ
1019 696 1172 754 θρῆνος
1191 694 1325 739 ποσὶν
1344 692 1430 749 ἦεν·

402 768 490 823 πὰρ
512 767 547 811 δ’
571 769 698 814 αὐτὸς
719 770 906 825 κλισμὸν
926 767 1024 812 θέτο
1045 768 1256 819 ποικίλον,
1276 764 1451 810 ἔκτοθεν
1469 764 1617 809 ἄλλων

403 838 672 896 μνηστήρων,
693 839 750 896 μὴ
772 841 909 896 ξεῖνος
929 838 1111 894 ἀνιήθεις
1131 839 1359 898 ὀρυμαγδῷ

403 910 558 970 δείπνῳ
582 909 823 966 ἀδδήσειεν,
845 911 1158 969 ὑπερφιάλοισι
1177 910 1411 966 μετέλθων,

402 979 467 1038 ἧδ’
489 980 555 1026 ἵνα
575 1001 648 1039 μιν
667 983 766 1040 περὶ
785 984 949 1040 πατρὸς
969 982 1269 1041 ἀποιχομένοιο
1288 980 1446 1040 ἐ’ροιτο.

169 1117 359 1184 Adeo,
389 1118 579 1192 primo
609 1119 811 1174 statim
840 1119 1124 1195 ingressu,
1145 1137 1278 1193 quae
1302 1119 1379 1174 sit
1408 1117 1715 1191 utriusque
1738 1116 1921 1191 partis

170 1214 394 1272 indoles
424 1214 557 1271 luce
592 1215 803 1272 clarius
844 1216 1088 1272 indicari
1119 1216 1352 1274 videtis.
1442 1213 1625 1290 Apud
1655 1214 1922 1271 Telema-

171 1311 346 1368 chum
397 1313 558 1387 regia
604 1312 955 1389 benignitaS,
1003 1319 1207 1387 aperta
1253 1319 1433 1386 atque
1484 1311 1645 1388 larga
1695 1330 1920 1377 manuS‚

169 1428 333 1466 mens
361 1410 422 1464 in
452 1409 748 1484 hospitum
771 1410 909 1484 jura
937 1429 1004 1466 ac
1035 1409 1364 1486 religiones,
1389 1415 1457 1465 ut
1480 1429 1614 1483 quae
1638 1410 1920 1478 maxime,

170 1511 394 1562 arrecta
437 1513 498 1561 et
541 1507 806 1563 intenta:
852 1508 1008 1582 apud
1054 1525 1261 1582 procos
1305 1525 1376 1563 ea
1419 1506 1809 1572 contumacia,
1854 1511 1924 1561 ut

172 1619 246 1657 ne
275 1600 386 1675 ipsi
416 1601 656 1675 quidem
688 1601 1043 1658 Telemacho
1085 1602 1261 1658 liceat
1301 1602 1567 1676 accipere
1599 1602 1923 1673 fraternum

169 1696 479 1771 hospitem,
512 1697 621 1753 nisi
652 1717 786 1754 cum
819 1698 1080 1772 periculo
1105 1698 1359 1771 quodam
1383 1697 1706 1773 dignitatis.
1749 1697 1926 1765 Quod

171 1800 371 1849 autem
402 1813 472 1849 eo
504 1802 772 1869 tempore
802 1795 1060 1850 intactus
1082 1795 1230 1850 abiit
1260 1794 1473 1869 hospes
1497 1800 1559 1850 et
1588 1794 1925 1862 inviolatUS,

171 1890 231 1946 id
275 1890 663 1966 intelligimus
706 1911 825 1947 non
869 1891 1028 1947 ultro
1065 1911 1099 1948 a
1134 1892 1327 1966 procis
1363 1891 1508 1957 fieri,
1540 1891 1643 1948 sed
1687 1899 1929 1967 propter

171 1986 386 2043 indicia
430 1987 695 2061 quaedam
740 1988 1066 2062 majestatis
1110 1987 1423 2062 plusquam
1465 1988 1753 2054 humanae,
1792 2008 1925 2063 quae

169 2083 497 2140 reverentia
550 2082 643 2139 vel
694 2084 912 2140 invitos
961 2083 1288 2160 tetigerint.
1377 2083 1478 2141 Sic
1526 2085 1686 2141 enim
1733 2103 1930 2142 rursus

174 2175 602 2255 Eurymachusi
626 2198 637 2236 ε

402 2327 501 2371 ἀλλ’
525 2327 659 2372 ἐθέλω
681 2346 748 2380 σε,
771 2327 971 2386 φέριστε,
992 2329 1092 2386 περὶ
1113 2328 1269 2383 ξείνοιο
1289 2327 1481 2387 ἔρεσθαι·

358 2424 361 2426 -
407 2398 597 2443 ὅπποθεν
617 2399 742 2445 οὗτος
761 2399 882 2458 ἀνὴρ,
904 2400 1029 2456 ποίης
1049 2400 1085 2444 δ’
1109 2401 1157 2455 ἐξ
1179 2403 1349 2457 εὔχεται
1370 2399 1475 2445 εἶναι

403 2470 540 2529 γαίης·
572 2474 656 2515 ποῦ
678 2470 724 2515 δέ
746 2471 794 2516 νύ
816 2474 855 2514 οἱ
876 2473 1000 2530 γενεὴ
1023 2473 1092 2516 καὶ
1112 2474 1266 2531 πατρὶς
1286 2471 1466 2531 ἄρουρα·

406 2542 454 2599 ἧέ
476 2543 551 2588 τιν’
573 2543 779 2602 ἀγγελίην
798 2546 960 2601 πατρὸς
981 2543 1109 2602 φέρει
1130 2544 1400 2602 ἐρχομένοιο,

406 2614 431 2670 ἢ
454 2616 524 2659 ἑὸν
545 2616 676 2658 αὐτοῦ
696 2618 842 2672 χρεῖος
862 2616 1116 2672 ἐελδόμενος
1136 2616 1225 2660 τόδ’
1250 2616 1404 2668 ἱκάνει,

408 2684 533 2730 οἷον
567 2685 811 2741 ἀναΐξας
845 2688 1000 2745 ἄφαρ
1037 2686 1285 2744 οἴχεται,
1323 2687 1434 2731 οὐδ’
1468 2686 1782 2745 ὑπέμεινεν

407 2776 437 2815 γ
451 2777 473 2802 ν
486 2760 562 2814 ὠμ
575 2777 595 2801 ε
609 2777 632 2803 ν
646 2777 672 2801 α
686 2772 714 2800 ι·
749 2759 797 2802 οὐ
818 2759 895 2814 μὲν
913 2758 996 2817 γάρ
1019 2778 1059 2803 τι
1080 2763 1192 2819 κακῷ
1216 2760 1275 2805 εἷς
1296 2759 1390 2803 ὦπα
1411 2758 1544 2819 ἐῴκει.

177 2886 397 2944 Nescio
448 2907 565 2962 quo
622 2888 835 2945 timore
893 2897 1243 2947 coercentur
1293 2892 1554 2948 immites
1604 2891 1805 2959 animi,
1852 2911 1929 2948 ne

179 2981 369 3039 Deam
421 2984 686 3057 quamvis
734 2983 1022 3042 latentem
1073 2986 1293 3044 violare
1344 2988 1621 3044 audeant.
1738 2988 1930 3045 Iidem

175 3085 398 3152 postea,
440 3097 672 3136 reverso
709 3081 948 3137 demum
990 3081 1220 3158 Ulysse,
1258 3085 1466 3159 pannis
1507 3084 1730 3150 laceriS‚
1767 3103 1934 3140 men-

178 3173 375 3229 dicum
420 3182 651 3250 agente,
698 3196 814 3251 qua
859 3178 1101 3234 tandem
1143 3198 1270 3236 sese
1319 3189 1536 3255 gerunt
1579 3180 1929 3238 insolentia!

179 3266 549 3343 Quanquam,
585 3278 653 3327 ut
689 3291 895 3329 verum
937 3274 1139 3342 fatear,
1187 3283 1452 3333 servatur
1495 3276 1577 3332 ibi
1619 3276 1933 3334 discrimen

178 3362 431 3438 aliquod,
461 3366 617 3422 inter
645 3366 981 3426 Antinoum
1021 3378 1379 3446 caeterosque
1419 3391 1729 3447 procorum
1775 3374 1933 3448 prin-

443 3574 467 3604 h
501 3575 589 3619 Od.
614 3576 644 3619 i.
672 3590 769 3633 130.
1471 3581 1480 3606 ⁵
1512 3582 1540 3626 i.
1563 3593 1664 3637 405.
