2320 4126
168 275 320 308 PRAEL.
342 274 392 306 v.
508 255 750 319 Quaenam
774 254 841 304 sit
864 253 920 303 in
944 252 1038 303 hac
1061 269 1115 303 re
1140 252 1420 321 Shaksperi
1444 255 1590 305 ratio.
1843 259 1914 311 59

170 392 413 457 virtutis,
437 410 565 464 quae
588 391 780 465 specie
803 389 1054 463 quadam
1086 395 1148 443 et
1178 388 1405 444 fervore
1423 390 1711 462 juvenum
1739 392 1914 448 corda

168 506 537 560 commovere
596 485 804 550 valeat,
865 502 1067 539 verum
1128 484 1308 539 etiam
1368 485 1671 541 severioris
1722 486 1912 561 huJUS,

167 584 538 648 castimoniae,
571 582 724 648 fidei,
755 581 1077 646 industriae,
1110 579 1387 654 pietatis?
1463 579 1551 637 Ut
1583 581 1754 637 facile
1785 584 1914 657 quis

166 682 494 757 intelligere
525 680 723 754 possit,
756 698 892 752 quae
934 676 1246 751 aliquando
1288 678 1691 752 subturpicula
1720 679 1915 735 intex-

166 786 362 844 untur,
393 778 604 852 partim
648 774 848 832 saeculi
887 793 1030 839 esse,
1062 793 1177 830 non
1210 773 1539 848 scriptoris;
1583 777 1814 849 partim,
1847 784 1914 832 ut

167 875 355 932 ebrios
393 873 699 929 Laconicis
745 872 955 946 pueriS,
994 878 1274 944 tanquam
1322 871 1521 928 odiosa
1567 891 1634 928 ac
1675 873 1915 929 vitanda

164 970 426 1045 proponi.
514 968 677 1043 Ergo
717 966 885 1022 illum
935 966 1139 1022 virtuti
1182 984 1256 1021 ex
1301 967 1496 1022 animo
1545 967 1754 1024 favisse
1795 989 1912 1025 non

166 1072 254 1122 est
295 1085 398 1122 cur
438 1064 809 1120 dubitemus:
857 1081 991 1118 cum
1035 1063 1353 1136 praesertim
1384 1062 1649 1137 plerique
1690 1083 1914 1132 eorum,

165 1162 263 1237 qui
293 1170 435 1218 tunc
480 1161 722 1217 scenicis
754 1159 973 1215 dabant
1004 1177 1258 1232 operam,
1292 1158 1351 1213 in
1383 1158 1496 1214 alia
1529 1161 1724 1217 omnia
1753 1162 1913 1218 abire

165 1258 591 1330 consueverint.
680 1254 799 1310 Hic
839 1255 1019 1329 igitur
1063 1256 1187 1328 ejus
1231 1254 1395 1327 quasi
1439 1254 1760 1323 ἀνωμαλίας,
1799 1277 1914 1331 qua

166 1354 479 1411 Primarios
515 1353 740 1427 aliquos
770 1351 960 1407 notari
985 1350 1344 1417 dicebamUS,
1369 1350 1740 1424 splendidum
1775 1372 1912 1409 63116

164 1451 585 1508 documentum
617 1448 965 1524 proferatur.

245 1546 387 1603 Alia
442 1553 532 1603 est
589 1545 824 1601 illorum
885 1544 1051 1612 ratio,
1095 1545 1195 1618 qui
1254 1544 1466 1610 omnia,
1525 1548 1913 1620 repugnantia

163 1662 412 1717 quoque,
444 1643 567 1717 pari
613 1641 827 1708 studiO,
859 1642 983 1715 pari
1022 1640 1322 1706 facilitate,
1360 1648 1579 1715 petere,
1620 1661 1910 1716 spernere,

163 1741 453 1805 omittere,
501 1745 767 1813 repetere
814 1738 1117 1794 videntur:
1171 1737 1343 1812 quale
1390 1739 1545 1811 apud
1597 1758 1704 1794 nos
1747 1739 1911 1815 inge-

161 1837 324 1893 nium
369 1836 483 1892 fuit
529 1834 704 1907 (absit
753 1835 911 1890 dicto
955 1833 1200 1908 invidia)
1240 1832 1521 1908 Drydeni.
1613 1833 1783 1897 Nulli
1827 1837 1912 1890 vis

160 1934 345 2008 major
374 1939 436 1988 et
467 1932 634 2006 copia
658 1931 1004 1998 verborum;
1049 1929 1195 1985 nulli
1227 1931 1650 1986 sententiarum
1678 1930 1913 1986 uberior

160 2047 363 2105 seges;
424 2047 600 2084 nemo
659 2026 887 2083 felicius
946 2045 1070 2083 sese
1130 2033 1380 2093 tentare,
1439 2045 1614 2082 nemo
1672 2026 1912 2084 liberius

159 2124 592 2200 quodammodo
622 2130 683 2179 et
713 2123 908 2180 laetius
938 2123 1190 2197 spatiari,
1217 2141 1452 2178 suarum
1477 2123 1687 2178 virium
1719 2141 1909 2180 sensu,

162 2221 365 2279 Unum
402 2220 548 2277 illud
581 2220 742 2278 Vate
779 2239 940 2276 sacro
980 2220 1468 2295 indignissimum,
1500 2220 1656 2293 quod
1694 2221 1778 2276 ita
1812 2240 1913 2294 pa-

159 2338 285 2375 rum
334 2319 442 2375 sibi
488 2324 789 2393 congruat,
831 2324 899 2373 ut
943 2317 1241 2373 neminem
1286 2335 1546 2390 unquam
1593 2336 1667 2373 ex
1714 2318 1910 2373 animo

159 2414 440 2480 laudasse,
492 2413 635 2470 nulli
692 2433 912 2481 earum,
960 2432 1103 2487 quas
1155 2413 1495 2479 cantaverit,
1541 2432 1754 2480 rerum,
1802 2415 1913 2470 im-

158 2512 393 2586 pensius
424 2530 559 2568 eum
593 2511 883 2567 studuisse
914 2511 1087 2567 dicas.

243 2702 359 2759 Sed
414 2703 475 2758 in
525 2703 616 2759 his
666 2704 910 2760 fortasse
956 2703 1122 2758 nimii
1175 2720 1393 2758 sumus.
1485 2701 1749 2758 Ponatur
1780 2703 1907 2776 jam

159 2799 411 2855 alterum
443 2798 745 2856 Primariae
777 2799 1030 2856 Poeseos
1059 2799 1360 2854 indicium.
1436 2797 1582 2853 Eam
1615 2799 1906 2864 videlicet,

158 2895 216 2949 ni
266 2893 453 2961 fallor,
498 2895 736 2970 propius
793 2894 1093 2969 aliquanto
1144 2893 1441 2949 videbitur
1489 2894 1800 2969 attingere,
1839 2904 1907 2951 ut

153 2991 269 3045 erit
300 2990 544 3064 quisque
580 2990 859 3048 novitatis
898 2990 1307 3067 negligentior,
1336 2991 1648 3064 minusque
1679 2992 1907 3047 curabit

158 3084 321 3152 illud,

602 3170 631 3189 “
652 3166 812 3210 Dicam
831 3167 1020 3224 insigne,
1041 3180 1210 3217 recens,
1231 3164 1377 3208 adhuc

654 3238 880 3282 Indictum
900 3253 975 3282 ore
996 3238 1129 3281 alio.'’

160 3365 318 3432 Quid
354 3367 552 3425 enim?
597 3370 783 3436 otiosi,
816 3389 932 3426 non
962 3367 1261 3444 flagrantis
1305 3373 1394 3422 est
1438 3366 1636 3431 animi,
1679 3367 1903 3445 longin-

160 3479 274 3533 qua
312 3463 537 3529 sectari,
568 3465 787 3521 usitata
823 3483 1111 3540 respuere.
1199 3463 1396 3531 Quare
1440 3463 1504 3528 is,
1536 3482 1711 3536 quem
1743 3484 1905 3539 quae-

159 3555 355 3623 rimUS,
389 3556 576 3616 Poeta
603 3560 827 3617 multus
868 3562 978 3616 erit
1008 3561 1068 3615 in
1098 3559 1239 3615 locis
1269 3557 1399 3622 illis,
1430 3559 1528 3632 qui
1561 3578 1904 3618 communes
