2320 4126
205 250 358 281 paim„
381 247 454 278 111.
576 228 790 296 proprio
816 228 1010 277 nomine
1033 227 1311 295 appelletur
1331 228 1604 278 Poeticum.
1879 230 1950 283 39

204 370 409 427 nifica''
438 389 504 425 ac
547 378 578 400 ‘⁶
603 368 938 442 splendida”
969 369 1200 435 dixerit,
1233 369 1408 424 audio
1449 388 1602 434 saue,
1636 370 1951 427 vehemen-

203 473 409 538 terque
445 464 796 537 comprob03
843 464 927 519 sin
953 462 1207 530 Poetica,
1239 483 1357 519 non
1387 483 1620 538 prorsus
1657 466 1947 522 concedo:

204 579 338 616 nam
379 560 573 615 nescio
611 560 749 632 quid
782 559 1168 615 Rhetoricum
1209 578 1411 633 sapere
1448 560 1741 627 videntur,
1773 570 1834 616 et
1874 563 1946 618 ad

201 674 369 712 aures
399 655 704 709 hominum
736 655 1052 710 studiosius
1083 655 1534 711 accommodari.

286 750 617 807 Audiamus
657 752 780 823 jam
833 749 999 804 illum
1049 750 1200 804 bene
1259 751 1551 822 beateque
1605 751 1839 806 vivendi
1884 771 1952 808 ac

201 847 486 903 moriendi
519 845 888 912 Antist-item,
920 864 1096 918 quam
1136 846 1408 919 graviter,
1446 836 1633 901 tribus
1669 846 1791 903 fere
1828 866 1954 902 ver-

202 943 308 1009 bis,
340 942 671 1016 primariam
709 941 756 996 is
786 959 1019 1014 quoque
1063 941 1362 996 foeminam
1402 940 1711 998 describat.
1802 951 1833 973 ‘⁶
1859 943 1954 998 Ita

201 1057 262 1094 se
306 1038 379 1093 ad
410 1038 693 1111 pietatem
733 1036 1081 1109 composuit,
1115 1036 1161 1090 is
1199 1044 1324 1091 erat
1365 1044 1536 1092 tenor
1573 1055 1792 1102 eorum,
1824 1055 1953 1109 quae

201 1132 301 1188 illa
343 1132 456 1187 Dei
503 1151 675 1188 causa
719 1132 988 1197 faciebat,
1035 1139 1102 1187 ut
1148 1140 1301 1187 esset
1354 1132 1514 1188 miris
1563 1132 1751 1188 modis
1796 1139 1954 1187 tran-

202 1228 397 1303 quilla,
441 1247 550 1284 nec
595 1246 854 1301 unquam
899 1228 1150 1283 ferretur
1194 1228 1376 1283 citato
1425 1228 1644 1302 gradu:
1706 1246 1835 1303 quoe
1878 1226 1957 1284 ad

199 1344 363 1381 suum
395 1322 556 1380 illum
591 1322 894 1390 Oceanum,
919 1321 1134 1380 DEUM
1166 1322 1421 1381 videlicet
1455 1331 1507 1380 et
1523 1323 1950 1392 AEternitatem,

201 1427 350 1477 certo
380 1439 446 1477 ac
475 1420 661 1496 quieto
692 1419 897 1476 itinere
926 1416 1298 1476 labereturh.”
1384 1420 1601 1494 Ecquis
1633 1421 1744 1476 ista
1773 1427 1953 1495 neget

199 1516 374 1591 pleno
411 1518 484 1572 de
527 1523 767 1590 pectore
810 1516 1088 1572 manare?
1142 1517 1341 1591 ecquis
1383 1516 1616 1573 dubitet
1661 1534 1816 1582 eum,
1852 1516 1953 1589 qui

199 1612 284 1669 ita
334 1612 565 1668 locutus
616 1613 707 1678 sit,
753 1613 1002 1667 tacitum
1046 1631 1280 1686 quoque
1325 1619 1386 1668 et
1438 1611 1780 1677 solitarium,
1831 1610 1952 1667 tale

201 1707 419 1782 aliquid
451 1727 650 1764 secum
682 1707 1063 1763 locuturum?

285 1802 460 1870 Quod
512 1804 555 1858 si
609 1822 713 1877 per
756 1802 950 1877 legem
996 1802 1241 1876 hujusce
1287 1801 1400 1858 loci
1445 1802 1705 1876 proferre
1749 1802 1955 1858 liceret

199 1899 325 1973 ipsa
375 1899 727 1955 nostratium
788 1898 981 1965 verba,
1041 1898 1337 1954 sentiretis
1395 1897 1585 1971 plane,
1646 1899 1706 1953 ni
1765 1897 1951 1963 fallor,

200 1995 258 2050 id
318 1996 473 2069 quod
533 2002 736 2051 metuo
795 2013 870 2050 ne
928 1993 1230 2050 obscurius
1288 1994 1609 2061 ediderim;
1682 2014 1819 2051 cum
1878 1994 1953 2050 ab

199 2098 451 2166 utroque
509 2091 743 2166 egregie
802 2090 877 2146 sit
935 2098 1152 2156 actum,
1205 2089 1373 2144 illum
1431 2098 1632 2154 tamen
1685 2090 1950 2148 Oratoris

201 2187 432 2254 summi,
463 2187 621 2243 hunc
652 2187 870 2254 Poetae,
904 2175 1094 2243 officia
1122 2204 1402 2243 servasse.
1814 2195 1822 2203 ·

287 2379 406 2436 Sed
465 2380 737 2436 universa
792 2379 915 2435 haec
975 2378 1315 2454 disputatio,
1369 2379 1565 2434 tenuis
1623 2385 1685 2434 et
1743 2386 1952 2455 arguta

202 2494 336 2533 cum
366 2475 586 2551 primis,
617 2475 784 2531 vobis
804 2475 949 2549 jam,
969 2474 1336 2543 Academici,
1360 2474 1775 2548 permittatur3
1822 2475 1953 2531 dili-

199 2573 364 2648 genti
393 2591 513 2628 non
542 2571 825 2628 librorum
860 2571 1037 2626 modo
1068 2589 1272 2626 verum
1317 2571 1498 2627 etiam
1543 2572 1761 2626 artium
1792 2571 1953 2626 vitae-

201 2686 314 2741 que
359 2668 688 2723 communis
726 2684 837 2722 usu
883 2665 955 2736 (si
990 2666 1051 2720 id
1095 2684 1290 2740 operae
1334 2667 1591 2739 pretium
1623 2666 1945 2740 videbitur)

201 2769 305 2818 aut
335 2762 731 2818 confirmanda
759 2768 863 2816 aut
892 2759 1233 2816 refellenda.
1321 2760 1556 2818 Vestrae
1587 2767 1787 2816 autern
1817 2780 1954 2835 pru-

202 2857 415 2914 dentiae
460 2857 589 2923 erit,
621 2856 668 2912 si
708 2856 859 2912 forte
903 2856 964 2910 in
1009 2855 1202 2930 capite
1246 2875 1314 2911 ac
1357 2874 1586 2912 summa
1625 2856 1708 2911 rei
1740 2857 1952 2912 vidisse

201 2971 307 3008 nos
336 2952 557 3027 aliquid
580 2951 827 3026 putandi
858 2969 1074 3016 sumUS,
1098 2969 1217 3006 non
1246 2950 1379 3007 ideo
1410 2956 1610 3006 nostra
1638 2951 1950 3026 aspernari,

202 3046 477 3121 quoniam
520 3036 639 3103 non
684 3045 956 3102 omnibus
991 3045 1298 3101 videamur
1339 3044 1608 3101 attulisse
1652 3046 1952 3119 aptissima

203 3142 487 3217 cujusque
517 3141 823 3198 sententiae
854 3139 1144 3214 exempla.

339 3349 363 3380 ¹¹
383 3350 559 3408 Taylor,
584 3351 772 3394 Funeral
792 3351 970 3394 Sermon
991 3365 1046 3393 οη
1067 3349 1195 3404 Lady
1224 3348 1429 3404 Garbery,
1454 3348 1541 3404 Op.
1565 3355 1596 3391 t.
1620 3349 1679 3392 vi.
1702 3348 1803 3405 476.
