2320 4126
327 224 361 275 4
844 222 923 274 De
946 238 1043 274 usu
1068 220 1292 292 Linyuoe
1317 220 1529 274 Latinoe
1897 239 2060 275 ruffin.
2079 239 2117 275 1.

326 370 608 449 vigilatur
636 368 933 446 periculiS,
966 368 1075 425 hos
1119 375 1330 426 contra
1359 366 1565 425 hostes
1609 365 1883 424 excubiae
1924 386 2116 444 agun-

325 479 441 537 tur,
487 489 557 526 ac
602 487 810 526 vereor
853 466 1135 542 equidem
1179 485 1257 522 ne
1303 465 1548 533 diutius,
1595 472 1876 541 serpente
1921 465 2114 523 indies

323 566 499 634 ma10,
532 566 650 623 sint
690 564 955 641 agendae.
1049 562 1210 640 Ergo
1242 581 1379 620 cum
1414 562 1490 620 de
1522 555 1646 620 otio
1678 582 1748 621 ac
1779 562 2117 640 tranquilli·
2144 592 2147 595 ·

324 672 467 732 tate,
484 662 818 740 justissimo
843 661 1047 718 aeterni
1069 660 1348 720 Vindicis
1361 661 1616 737 judicic,
1640 680 1881 737 prorsus
1904 661 2116 737 despe-

323 763 573 819 randum
611 780 739 819 esse
774 760 1066 828 videatur,
1102 760 1289 817 nostri
1324 767 1530 817 tamen
1572 758 1752 817 officii
1792 759 1925 825 erit,
1957 759 2117 817 inter

320 860 562 937 negotia
597 879 667 917 ac
708 858 1073 927 formidineS‚
1107 877 1332 927 curare,
1363 857 1586 934 nequid
1630 857 1871 934 ignavia
1910 865 2116 915 nostra

321 966 606 1034 peccetur
671 958 732 1015 in
793 957 1014 1015 famam
1065 955 1431 1024 Academiae,
1493 956 1804 1031 bonasque
1870 955 2113 1016 literas:

320 1063 535 1114 vestrae
580 1057 694 1114 erit
733 1054 1141 1132 indulgentiae,
1181 1054 1376 1131 siquid
1418 1053 1717 1112 errabitur
1754 1051 1982 1129 (qualia
2022 1062 2115 1112 sat

319 1153 442 1210 scio
503 1153 818 1209 innumera
881 1152 1060 1226 fore),
1107 1152 1170 1208 id
1229 1159 1575 1227 temporum
1634 1151 1839 1226 potius
1898 1150 2117 1227 iniqui-

319 1251 451 1318 tati,
495 1258 832 1326 nostraeque
890 1249 1315 1318 mediocritati,
1374 1268 1558 1325 quam
1618 1249 2006 1327 negligentiae
2051 1257 2116 1307 et

319 1347 604 1405 socordiae
633 1346 916 1405 tribuere.

404 1444 582 1514 Quod
614 1445 662 1502 si
693 1446 742 1503 is
772 1444 950 1522 plane
981 1445 1192 1514 forem,
1223 1464 1406 1521 quem
1443 1464 1573 1503 esse
1605 1446 1869 1514 deceret,
1900 1446 2004 1522 qui
2035 1466 2114 1504 ex

318 1543 622 1619 superiore
672 1543 805 1601 loco
857 1563 959 1601 vos
1005 1542 1432 1619 alloqueretur,
1480 1563 1603 1601 non
1651 1544 1934 1620 equidem
1975 1545 2115 1603 ideo

315 1641 736 1718 refugiendum
768 1642 1062 1710 duxerim,
1093 1642 1253 1717 quod
1286 1641 1519 1699 scilicet
1550 1642 1749 1699 minus
1785 1642 1942 1700 bene
1972 1663 2117 1701 con-

318 1737 537 1804 veniat,
568 1737 950 1813 periclitante
979 1738 1309 1814 republica,
1342 1740 1403 1795 in
1436 1739 1638 1796 studia
1663 1738 1992 1797 Poetarum
2022 1741 2114 1798 in-

314 1836 652 1894 ·cumberet‘
681 1837 904 1913 quippe
944 1837 1046 1913 qui
1076 1836 1227 1894 nihil
1266 1836 1359 1895 his
1396 1837 1610 1896 studiis
1653 1838 1955 1897 efficacius
1986 1859 2115 1898 cre-

316 1934 452 1991 dam
495 1934 570 1991 ad
612 1934 772 1992 cives
814 1935 978 1991 omni
1019 1935 1245 1993 virtute
1286 1936 1622 2004 armandos,
1659 1935 1810 1993 nihil
1849 1937 2110 1994 vicissim

315 2032 389 2088 ad
422 2031 548 2089 haec
575 2032 801 2099 utilius,
839 2051 1019 2108 quam
1052 2033 1100 2090 si
1126 2034 1278 2110 quiS,
1309 2034 1400 2092 sui
1431 2034 1677 2103 oblitus,
1707 2035 1916 2111 patriae
1946 2035 2114 2094 labo-

314 2131 500 2188 rantis
559 2150 737 2188 causa
788 2137 1100 2188 strenuum
1154 2139 1337 2208 atque
1385 2133 1753 2191 indefessum
1804 2152 1869 2191 se
1918 2143 2110 2211 gerat.

316 2224 551 2284 Verum
589 2247 769 2303 quam
815 2235 981 2286 arcta
1020 2229 1311 2287 societate
1352 2230 1513 2287 inter
1552 2249 1616 2288 se
1664 2230 2112 2308 conjungantur

312 2322 452 2381 hinc
493 2326 646 2382 vatis
691 2327 934 2403 egregii,
970 2326 1136 2384 illinc
1178 2327 1356 2385 fortis·
1393 2328 1658 2404 bonique
1703 2328 1849 2386 civis
1895 2329 2109 2398 officia,

313 2420 463 2479 alius
494 2422 743 2480 fortasse
767 2424 1095 2481 disserendi
1118 2424 1286 2482 locus
1317 2426 1449 2483 erit.
1521 2425 1709 2484 Nunc
1739 2446 1897 2484 unus
1921 2428 2106 2487 etiam

312 2519 460 2575 mihi
502 2520 815 2597 scrupulus
854 2521 1138 2598 injicitur,
1169 2543 1351 2599 quem
1388 2533 1710 2600 postquam
1743 2545 1850 2602 pro
1883 2527 2109 2586 viribus

311 2617 588 2686 evellero,
620 2638 746 2676 rem
779 2619 968 2695 ipsam
998 2621 1205 2697 paucis
1235 2624 1502 2700 aggredi,
1533 2624 1844 2700 nostrique
1876 2626 2108 2684 consilii

311 2734 608 2773 summam
641 2735 963 2792 exponere,
994 2717 1222 2777 licebit.

412 3005 767 3086 Complures
824 3010 941 3069 hoc
1000 3019 1276 3090 tempore
1335 3034 1466 3074 esse
1525 3016 1824 3096 intellig0‚
1877 3021 1980 3096 qui
2041 3039 2107 3079 se

226 3092 228 3094 ’
308 3107 539 3164 nescire
570 3109 794 3180 dicant,
825 3129 933 3168 cur
965 3110 1126 3169 intra
1160 3112 1270 3170 hos
1311 3114 1572 3191 parietes
1604 3115 1825 3175 Latine
1861 3125 2104 3177 tantum

307 3222 583 3279 perorare
613 3206 701 3265 fas
732 3209 845 3278 sit;
892 3209 968 3267 de
1005 3229 1077 3267 ea
1111 3230 1175 3268 re
1213 3213 1544 3288 praesertim
1580 3215 1938 3291 disputanti,
1971 3237 2105 3293 quae

308 3320 385 3358 ex
415 3303 642 3362 intimis
679 3306 862 3363 animi
900 3308 1170 3366 sensibus
1212 3311 1455 3379 oriatur,
1488 3319 1553 3369 et
1593 3314 1656 3370 in
1698 3315 2105 3374 minutissima

307 3419 543 3475 quaque
594 3422 663 3459 ac
714 3403 1139 3464 delicatissima
1181 3427 1382 3465 rerum
1428 3430 1498 3467 ac
1545 3412 1865 3470 verborum
1913 3415 2105 3472 varie-

307 3506 434 3555 tate
466 3507 769 3559 versetur:
816 3522 996 3577 quam
1028 3504 1179 3562 adeo
1210 3525 1287 3564 ne
1317 3509 1513 3583 patrio
1544 3509 1791 3585 quidem
1824 3530 2102 3570 sermone

305 3595 567 3654 dilucide
618 3598 762 3655 satis
820 3600 1107 3676 explicari
1160 3621 1334 3678 posse
1392 3613 1732 3665 autumant.
1832 3607 2097 3667 Inveniri
