2320 4126
199 264 355 297 PRAEL.
382 263 511 297 xv11.
575 246 658 297 De
686 243 854 296 Ἔπτα
880 245 961 296 ἐπὶ
987 248 1202 309 Θηβαΐς,
1230 243 1427 313 ejusque
1450 244 1695 297 clausula.
1843 248 1951 302 293

201 389 375 445 dere:
440 388 525 445 ita
571 394 788 455 tamen,
841 393 910 443 ut
956 386 1139 462 ipsius
1184 385 1398 443 fabulae
1449 403 1681 443 summa
1730 386 1952 461 ubique

199 490 464 540 servetur
505 483 865 559 simplicitaS.
954 482 1118 539 Eunt
1160 482 1528 558 redeuntque
1564 500 1848 558 personae,
1878 479 1951 539 τὸ

194 578 372 639 πάθος
400 586 620 637 manet.

262 676 438 744 Quod
467 676 625 732 idem
654 676 851 731 nescio
882 695 956 732 an
981 674 1191 732 clarius
1221 674 1404 732 etiam
1435 674 1727 750 significet
1757 674 1951 750 splen-

200 770 500 827 didissima
543 769 866 847 Tragoedia,
915 771 1009 826 cui
1069 769 1296 836 titulus,
1352 766 1547 826 Ἐπτὰ
1599 768 1688 825 ἐπὶ
1738 768 1949 840 Θήβας.

203 864 347 939 Ejus
381 864 621 939 quidem
669 864 840 920 editae
886 882 1107 920 annum
1158 863 1489 921 nescimus:
1535 870 1772 921 tantum
1814 871 1950 940 post

202 961 408 1018 Persas
467 960 744 1036 scriptam
806 960 986 1017 fuisse
1046 967 1254 1018 auctor
1314 966 1405 1018 est
1463 961 1752 1036 interpres
1812 959 1951 1017 Ari-

199 1057 550 1133 stophanisg.
639 1055 991 1113 Universam
1035 1063 1238 1113 autem
1289 1055 1452 1113 illam
1497 1055 1760 1129 fabulam
1798 1073 1952 1112 unus

197 1153 473 1211 Eteocles
511 1153 596 1210 ita
639 1152 908 1219 sustinet,
947 1158 1015 1208 ut
1059 1171 1129 1209 ea
1167 1172 1285 1209 non
1315 1159 1440 1209 tam
1476 1152 1786 1229 Tragoedia
1825 1170 1952 1208 esse

198 1250 482 1317 videatur,
532 1269 708 1324 quam
751 1267 969 1324 pompa
1014 1249 1279 1323 quaedam
1326 1248 1587 1325 Tragica,
1636 1268 1834 1306 coram
1879 1268 1951 1305 eo

198 1345 392 1402 ducta.
454 1345 728 1402 Neminis
758 1364 833 1401 ne
862 1364 1110 1421 persona
1139 1345 1379 1420 quidem
1408 1345 1741 1402 inducitur:
1772 1345 1952 1402 modo

199 1439 611 1516 AmphiaraUS,
641 1441 968 1516 CapaneUS,
1000 1442 1211 1508 caeteri,
1252 1441 1463 1499 nuntio
1502 1447 1795 1508 narrante,
1838 1441 1955 1498 sin-

200 1538 324 1614 guli
375 1537 808 1612 quodammodo
864 1537 1178 1612 prodeunt.
1292 1537 1451 1605 Quid
1509 1536 1744 1594 multa?
1817 1538 1955 1594 sim-

201 1635 452 1711 plicitati
495 1635 593 1691 isti
637 1653 754 1691 81138
798 1641 921 1691 tam
958 1634 1132 1690 unice
1165 1633 1264 1691 hic
1300 1633 1599 1690 consuluit
1638 1634 1842 1702 Poeta,
1883 1641 1952 1691 ut

199 1737 436 1788 tantum
474 1749 593 1787 non
625 1730 735 1805 ipsi
778 1730 1098 1806 Tragoediae
1137 1730 1388 1788 formam
1422 1729 1730 1807 Tragicam
1774 1730 1954 1788 dene-

199 1829 444 1905 gaverit.

287 1923 462 1991 Quod
498 1930 701 1981 autem
744 1925 807 1981 in
847 1942 1101 1990 scenam,
1151 1931 1420 1982 extremo
1465 1924 1583 1981 fine
1631 1924 1952 1993 Poematis),

200 2017 568 2096 Antigonam
591 2038 726 2077 cum
752 2038 945 2076 sorore
973 2020 1216 2087 miserit,
1246 2039 1519 2094 novoque
1548 2019 1765 2078 affectu
1796 2040 1955 2077 1111118

202 2114 399 2172 luctus
439 2115 513 2171 de
555 2121 748 2172 morte
792 2115 1056 2182 fratrum,
1102 2134 1261 2172 1111118
1306 2117 1522 2192 gaudia
1564 2116 1956 2173 immiscuerit

202 2210 484 2277 victoriae,
527 2210 804 2285 urbisque
849 2217 1121 2279 servatae3
1174 2210 1524 2267 crediderim
1570 2212 1848 2286 equidem
1894 2213 1954 2269 id

201 2306 407 2363 fecisse
431 2307 795 2382 AEschylum,
829 2306 1160 2383 Sophocleo
1182 2307 1380 2382 potius
1402 2308 1552 2363 mori
1582 2308 1955 2377 obsecutum,

205 2403 446 2478 (quippe
497 2404 595 2479 qui
647 2403 759 2461 hoc
811 2410 1080 2479 tempore
1127 2422 1374 2479 regnare
1422 2404 1548 2478 jam
1600 2405 1663 2460 in
1709 2405 1956 2463 theatris

201 2499 538 2575 incepisset)
571 2519 747 2575 quam
776 2501 1010 2575 propria
1038 2500 1345 2556 voluntate
1376 2506 1438 2556 et
1457 2500 1702 2575 judicio,

289 2596 642 2671 Quanquam
673 2604 734 2653 et
762 2597 845 2653 ibi
874 2596 1256 2671 AEschyleum
1295 2596 1471 2671 plane
1500 2596 1647 2653 illud
1684 2615 1956 2674 agnoscO,

205 2693 361 2767 quod
404 2692 530 2767 ipso
575 2693 755 2749 etiam
786 2693 902 2749 fine
931 2692 1252 2768 Tragoediae
1292 2692 1505 2750 soliciti
1544 2694 1959 2769 relinquuntur

206 2790 403 2856 animi,
434 2808 496 2844 re
525 2789 761 2846 infecta.
850 2788 1038 2846 Plane
1080 2788 1232 2845 sicut
1270 2789 1333 2845 in
1370 2790 1610 2847 musicis
1638 2790 1763 2850 fieri
1795 2789 1961 2846 audi-

204 2904 355 2953 mus,
414 2885 545 2962 lege
602 2885 918 2942 harmoniae
974 2904 1094 2942 non
1141 2886 1299 2942 omni
1353 2905 1429 2943 ex
1478 2893 1647 2962 parte
1694 2893 1959 2954 servata3

208 3001 552 3058 suspensum
611 2982 1047 3056 quodammodo
1105 2981 1359 3057 relinqui
1417 2983 1480 3038 in
1537 3002 1671 3040 aere
1730 3002 1958 3050 sonum,

207 3095 399 3151 neque
430 3095 534 3133 suo
563 3083 829 3152 tempore
858 3077 917 3133 in
950 3077 1152 3135 orbem
1182 3077 1513 3152 perfectum
1552 3078 1760 3134 redire.
1848 3077 1960 3135 Vi-

207 3173 346 3228 dete
403 3191 477 3228 an
542 3173 828 3247 ejusmodi
887 3174 1005 3230 sint
1061 3172 1260 3230 ultimi
1318 3192 1553 3252 quoque
1613 3172 1958 3233 Promethei

211 3286 407 3327 VGI'SUS
426 3286 438 3324 ἶ

678 3347 810 3392 τοιάδ’
832 3347 896 3392 ἐπ’
920 3348 1013 3405 ε’μοὶ
1032 3347 1134 3405 ῥίπη
1158 3349 1310 3393 Διόθεν

681 3417 897 3476 τεύχουσα
917 3420 1062 3477 φόβον
1083 3419 1248 3477 στείχει
1270 3421 1480 3478 φανερῶς·

877 3581 901 3611 g
935 3547 988 3616 In
1012 3573 1125 3616 Ran.
1154 3572 1281 3617 1026.
