2320 4126
332 227 489 262 PRAEL.
507 230 595 261 xx.
793 212 959 276 Quare
968 213 1073 278 fiat
1097 211 1171 263 ibi
1194 212 1437 278 sacrificii
1460 213 1656 264 mentio.
1972 213 2079 266 375

685 348 906 405 δύστλητά
925 367 1007 406 περ
1029 348 1132 394 ὄνθ’·
1165 352 1190 392 ὁ
1211 349 1257 393 δὲ
1276 351 1447 402 λοιπὸν,
1471 350 1570 395 ἰόντ’

685 421 730 463 ἐκ
751 421 881 464 τῶνδε
904 422 1061 477 δόμων,
1084 421 1223 477 ἀλλὴν
1242 421 1392 480 γένεαν

683 493 846 549 τρίβειν
867 493 1062 540 θανάτοις
1087 494 1370 539 αὐθένταισιν.

417 594 549 651 Η30
593 601 759 671 parte
802 614 924 669 prae
970 596 1202 653 caeteris
1245 597 1506 653 notanda
1544 595 1780 652 videtur
1814 593 2080 651 sacrificii

331 690 575 759 menti0‚
607 690 790 747 semel
821 697 882 746 et
914 691 1121 765 saepius
1149 691 1442 765 injectas:

684 813 734 854 οὕ
753 829 819 854 τοι
841 809 1018 868 θυραίαν
1037 810 1149 867 τήνδ’
1173 811 1267 867 ε’μοὶ
1289 810 1433 868 σχολὴ
1453 811 1570 867 πάρα

682 879 859 937 τρίβειν·
891 881 945 924 τὰ
964 881 1042 937 μὲν
1060 881 1144 939 γὰρ
1166 881 1313 926 ἑστίας
1331 881 1624 938 μεσομφάλου

684 951 862 1008 ἕστηκεν
883 953 960 1009 ἤδη
981 954 1099 1010 μῆλα
1119 954 1228 1010 πρὸς
1250 953 1427 1010 σφάγας
1445 954 1596 1010 πυρὸς,

683 1025 740 1069 ὡς
760 1023 904 1068 οὔποτ’
927 1025 1139 1070 ἐλπίσασι
1160 1024 1274 1081 τήνδ’
1297 1024 1409 1082 ἕξειν
1426 1025 1568 1082 χάριν.

332 1123 556 1181 Rursus
586 1125 785 1192 etiam,
816 1126 917 1182 ubi
949 1126 1137 1183 scelus
1168 1127 1360 1201 ipsum
1392 1125 1729 1183 narratur‘:

681 1245 792 1289 παίω
814 1246 864 1289 δέ
882 1265 946 1291 νιν
967 1247 1044 1292 δίς·
1079 1245 1155 1303 κᾴν
1176 1246 1294 1290 δυοῖν
1315 1246 1584 1305 οἰμώγμασιν

681 1317 863 1373 μεθῆκεν
883 1318 1014 1361 αὐτοῦ
1036 1320 1168 1361 κῶλα·
1203 1316 1271 1361 καὶ
1290 1319 1531 1362 πεπτωκότι

682 1389 828 1445 τρίτην
849 1389 1116 1446 ἐπενδίδωμι,
1139 1393 1215 1433 τοῦ
1235 1390 1341 1433 κατὰ
1360 1389 1518 1446 χθονὸς

675 1457 840 1512 “Αιδου,
862 1465 1020 1517 νεκρῶν
1041 1463 1250 1518 σωτῆρος,
1272 1461 1467 1504 εὐκταίαν
1487 1461 1628 1518 χάριν.

330 1560 465 1628 Quo
496 1567 724 1635 spectat
753 1580 823 1618 ea
853 1581 1088 1637 quoque
1118 1562 1397 1628 clausula,
1427 1581 1603 1638 quam
1634 1580 1740 1619 nos
1770 1568 1910 1619 ante
1940 1562 2085 1618 cita-

328 1657 554 1725 vimus;
606 1677 722 1732 qua
765 1659 1142 1734 significatur,
1187 1679 1305 1715 non
1350 1668 1472 1716 tam
1519 1679 1624 1717 sua
1665 1678 1865 1726 11131111,
1906 1677 2083 1734 quam

327 1753 606 1810 daemonis
635 1754 940 1829 cujusdam
970 1756 1146 1812 domo
1176 1756 1416 1823 inimici,
1447 1775 1573 1812 rem
1603 1755 1763 1832 geri;
1817 1755 2084 1817 sacrificii

326 1847 523 1921 potius
553 1867 729 1923 quam
761 1848 1003 1906 ultionis
1033 1868 1173 1927 ergo
1194 1858 1253 1908 ¹¹:

682 1972 1001 2028 φανταζόμενος
1021 1972 1068 2015 δὲ
1089 1972 1255 2029 γυναικὶ
1276 1976 1427 2029 νεκροῦ

680 2043 795 2087 τοῦδ’
819 2046 842 2087 ὁ
862 2045 1046 2090 πάλαιος
1068 2045 1219 2101 δρίμυς
1238 2044 1445 2103 ἀλάστωρ

681 2115 865 2173 Ἀτρέως
884 2118 1081 2174 χαλεποῦ
1102 2117 1351 2178 θοινατῆρος

682 2187 794 2232 τόνδ’
816 2188 1035 2241 ἀπέτισεν,

679 2258 831 2304 τέλεον
851 2262 1016 2317 νεαροῖς
1034 2259 1257 2308 ἐπιθύσας.

328 2358 610 2418 Mirabile
645 2368 754 2428 est,
785 2380 961 2435 quam
997 2363 1151 2419 bene
1181 2363 1295 2419 ista
1330 2364 1529 2419 omnia
1558 2365 1914 2420 conveniant
1943 2383 2083 2422 cum

325 2455 523 2512 indole
566 2455 872 2512 hominum
919 2457 1064 2512 falsa
1107 2456 1391 2532 religione
1435 2459 1812 2532 percitorum,
1849 2460 2082 2532 quoties

328 2549 413 2624 (id
443 2552 600 2626 quod
630 2554 843 2627 saepius
880 2553 1134 2610 occurrit
1178 2553 1475 2609 evolventi
1511 2553 1720 2609 harum
1755 2555 2080 2628 praesertim

325 2647 596 2723 gentium
625 2648 887 2722 annales)
909 2648 1088 2704 fuerit
1113 2647 1277 2704 Deus
1306 2648 1627 2724 placandus
1650 2649 1952 2724 sanguine,
1976 2668 2080 2706 Seu

327 2743 556 2817 tyranni
590 2743 711 2799 sive
741 2742 1058 2817 cujuslibet
1088 2743 1272 2819 impii.

410 2839 449 2895 J
452 2859 549 2896 am
599 2839 826 2906 eadem,
878 2840 1003 2916 ipso
1049 2839 1167 2896 fine
1217 2839 1555 2915 Tragoediae,
1601 2838 1769 2897 litem
1814 2836 2080 2915 AEgisthi

327 2954 464 2992 cum
512 2935 706 2992 Ghoro
753 2936 838 2992 ita
885 2936 1203 3011 componit,
1252 2943 1319 2992 ut
1373 2936 1584 2997 doceat
1638 2935 1748 2995 sibi
1799 2936 1940 2992 satis
1988 2954 2081 2992 su*

327 3050 546 3106 perque
565 3032 692 3106 jam
724 3051 850 3089 esse
881 3031 1194 3088 vulnerum
1224 3051 1292 3088 ac
1324 3032 1667 3090 domesticae
1698 3033 1871 3088 caedis
1891 3041 1952 3093 ¹:

679 3153 896 3210 μηδαμῶς,
918 3152 951 3196 ὦ
972 3152 1149 3212 φίλτατ’
1173 3153 1353 3212 ἀνδρῶν,
1374 3154 1490 3197 ἅλλα
1511 3154 1739 3210 δράσωμεν
1759 3151 1877 3196 κακά’

680 3224 796 3268 ἀλλὰ
816 3225 885 3268 καὶ
905 3224 994 3269 τάδ’
1017 3225 1231 3282 ἐξαμῆσαι
1251 3226 1399 3270 πολλὰ
1419 3223 1633 3281 δύστηνον
1653 3224 1790 3282 θέρος·

679 3298 867 3353 πημονῆς
886 3295 922 3340 δ’
945 3297 1042 3342 ἅλις
1060 3296 1100 3354 γ’
1122 3297 1321 3354 ὑπάρχει·
1354 3297 1487 3353 μηδὲν
1506 3296 1793 3353 αἱματώμεθα.

414 3393 513 3449 Ad
555 3412 862 3461 summam,
895 3396 1365 3471 Clytaemnestrae
1397 3398 1489 3454 vel
1536 3398 1827 3455 saevientis
1866 3405 2078 3474 pastea,

369 3561 381 3577 ¹
414 3554 564 3609 Ayam.
592 3568 718 3597 1022.
840 3558 855 3586 t
887 3556 998 3599 Ibid.
1027 3570 1153 3613 1355.
1278 3567 1301 3589 ¹¹
1335 3559 1445 3602 Ibid.
1474 3569 1600 3616 1477.
1725 3567 1746 3589 x
1779 3559 1891 3602 Ibid.
1918 3559 2044 3618 1644.
