2320 4126
197 275 352 308 PRAEL.
362 273 453 307 xn.
478 253 756 306 Telemachi
756 254 994 322 fortwnae
1007 254 1102 305 otio
1120 253 1503 306 commendando
1517 255 1813 307 inserviwnt.
1833 257 1942 313 197

279 394 416 452 Jam
467 413 542 450 ex
592 393 879 472 prioribus
925 411 1158 467 quoque
1208 392 1370 448 libris
1415 391 1713 466 Odysseiae
1752 412 1940 467 pauca

196 491 458 567 quaedam
476 495 744 565 repetere
761 488 1092 563 liceat,quae
1110 489 1318 545 eodem
1338 494 1603 564 spectare
1614 489 1938 546 videantur.

196 588 477 653 Primum,
526 585 682 660 quod
728 604 905 641 morae
947 586 1175 641 tamdiu
1214 591 1536 643 nectuntur
1578 584 1732 641 circa
1768 584 1939 640 Tele-

192 683 467 739 machum
497 682 738 755 ejusque
767 680 1048 737 fortunas.
1109 679 1247 737 Uno
1278 681 1516 755 quidem
1553 681 1602 736 is
1631 679 1935 754 alteroque

192 778 340 833 libro
370 796 505 833 cum
534 795 843 851 procorum
872 783 1030 833 coetu
1059 762 1316 833 rixatur:
1349 776 1451 833 sed
1481 795 1551 832 ea
1580 795 1737 832 nunc
1759 777 1938 833 missa

191 872 486 939 faciamus,
519 872 736 947 quippe
766 891 900 946 quae
944 873 1129 948 magis
1173 873 1509 947 pertineant
1549 873 1622 929 ad
1653 872 1935 929 ultimum

190 968 359 1025 illum
390 967 685 1044 Odysseiae
720 969 884 1042 quasi
927 975 1144 1036 actum,
1176 969 1276 1043 qui
1314 977 1403 1025 est
1442 970 1650 1044 utique
1693 969 1764 1026 de
1807 993 1937 1036 μνη-

189 1064 558 1143 στηροφονίᾳ.
648 1063 806 1121 Illud
846 1064 958 1121 erit
994 1083 1027 1120 e
1070 1084 1134 1120 re
1173 1071 1389 1132 nostra,
1421 1065 1469 1121 si
1508 1064 1693 1122 semel
1732 1084 1932 1122 mone-

188 1161 396 1227 bimus,
448 1160 648 1216 dedita
694 1179 871 1234 opera
915 1159 1118 1234 primis
1168 1166 1421 1233 quatuor
1477 1160 1800 1235 rhapsodiis
1859 1162 1933 1219 de

188 1256 361 1312 rebus
401 1256 736 1313 domesticis
774 1256 902 1331 agi3
950 1255 1097 1311 nihil
1142 1275 1259 1312 non
1303 1257 1458 1313 intra
1501 1257 1755 1330 parietes
1793 1277 1931 1314 0011-

189 1352 378 1418 tineri,
410 1352 531 1408 sive
563 1351 852 1417 Nestoris,
883 1351 1004 1407 sive
1035 1350 1319 1419 Menelai,
1343 1351 1466 1408 sive
1491 1350 1720 1427 Ulyssis
1749 1353 1932 1427 ipsius

189 1454 251 1510 et
276 1446 633 1522 Penelopes:
665 1453 727 1503 et
743 1453 1026 1521 tanquam
1049 1445 1387 1504 Telemachi
1406 1447 1605 1522 ipsius,
1630 1448 1715 1504 ita
1733 1446 1934 1523 legen-

188 1544 340 1600 tium
362 1542 795 1618 quodammodo
825 1543 962 1618 angi
993 1542 1238 1609 animos,
1269 1562 1405 1599 cum
1437 1562 1634 1600 coram
1673 1543 1932 1600 habeant

188 1639 674 1714 tranquillitatem
722 1638 900 1713 regiae
952 1639 1178 1706 domne,
1228 1638 1505 1715 Ulyssem
1554 1641 1819 1716 cogitent
1869 1641 1931 1696 in

187 1737 395 1793 mediis
423 1735 696 1811 periculis
725 1736 957 1792 versari.
1031 1734 1238 1810 Atque
1266 1737 1328 1792 in
1357 1736 1468 1793 hac
1497 1743 1665 1811 parte
1695 1738 1929 1814 egregie

186 1832 522 1890 dominatur
579 1831 844 1889 Menelai
900 1830 1225 1890 ἐπεισοδίον.
1336 1833 1472 1901 Quo
1529 1833 1703 1900 lect0‚
1763 1836 1929 1909 quasi

184 1936 362 2005 gustu
408 1928 712 2003 explorare
759 1928 933 1984 datur
977 1929 1230 1985 universi
1280 1928 1578 1986 Poematis
1628 1930 1927 1987 indolem:

182 2025 503 2101 praesertim
548 2024 651 2081 ubi
697 2043 801 2098 per
845 2030 1204 2092 transennas‚
1253 2025 1594 2082 brevissimo
1646 2028 1929 2102 temporis

113 2191 138 2211 ·
184 2128 422 2196 punct0‚
451 2126 693 2195 apparet
722 2138 1018 2176 summum
1048 2126 1111 2177 et
1139 2120 1470 2195 perfectum
1501 2122 1742 2179 otium0.

419 2223 493 2263 σοὶ
514 2219 550 2263 δ’
572 2220 622 2263 οὐ
643 2219 866 2278 θέσφατόν
886 2222 997 2272 ἐστι,
1020 2221 1260 2279 Διοτρεφές
1280 2221 1314 2265 ὦ
1335 2220 1546 2274 Μενέλαε,

408 2288 565 2349 *Αργει
585 2291 631 2336 ἐν
650 2293 872 2352 ἱπποβότῳ
893 2291 1056 2336 θανέειν
1076 2293 1144 2335 καὶ
1164 2294 1330 2349 πότμον
1350 2293 1563 2338 ἐπισπεῖν.

419 2362 533 2406 ἀλλὰ
555 2362 598 2408 σ’
621 2363 664 2409 ἐς
682 2362 897 2408 Ἠλύσιον
916 2364 1063 2408 πεδίον
1084 2364 1152 2408 καὶ
1171 2364 1353 2420 πείρατα
1372 2364 1495 2423 γαίης

419 2433 619 2478 ἀθάνατοι
638 2434 907 2492 πέμψουσιν,
929 2435 997 2480 ὅθι
1018 2436 1173 2491 ξανθὸς
1191 2435 1492 2494 Ῥαδάμανθος·

418 2509 551 2564 τῇπερ
571 2504 726 2565 ῥηΐστη
746 2508 872 2564 βιοτὴ
891 2507 1014 2553 πέλει
1033 2507 1337 2566 ἀνθρώποισιν·

419 2577 469 2620 οὗ
488 2579 674 2636 νιφετὸς,
696 2578 783 2622 οὔτ’
805 2579 858 2637 ἂρ
878 2582 1038 2637 χειμὼν
1057 2572 1208 2632 πολὺς,
1230 2582 1328 2623 οὔτε
1356 2579 1451 2624 ποτ’
1474 2579 1651 2637 ὄμβρος,

417 2648 516 2692 ἀλλ’
537 2649 619 2693 αἰεὶ
640 2650 852 2708 Ζεφύροιο
872 2651 1193 2709 λιγυπνείοντας
1211 2650 1341 2707 ἀήτας

418 2719 618 2767 Ὠκεανὸς
637 2720 821 2777 ἀνίησιν,
843 2721 1088 2779 ἀναψύχειν
1107 2722 1370 2779 ἀνθρώπους·

419 2791 551 2836 οὕνεκ’
573 2794 687 2850 ἔχεις
704 2792 895 2849 Ἑλένην,
917 2794 987 2836 καί
1006 2795 1119 2851 σφιν
1136 2795 1333 2851 γαμβρὸς
1353 2796 1454 2839 Διός
1474 2794 1593 2839 ἐσσι.

186 2870 340 2939 Quae
368 2871 527 2928 haud
557 2874 675 2930 scio
715 2892 790 2930 an
834 2874 1023 2930 acrius
1052 2873 1265 2931 feriant
1308 2875 1589 2943 animum,
1620 2882 1930 2952 propterea

187 2968 343 3042 quod
388 2968 462 3024 ab
511 2969 581 3026 iis
626 2970 1007 3026 continuatur
1063 2970 1367 3028 oraculum
1425 2973 1499 3029 de
1558 2971 1790 3050 Ulysse,
1840 2975 1928 3030 in-

186 3065 452 3137 quietum
483 3074 656 3121 3311οΡ
678 3083 691 3123 :

414 3164 489 3207 τὸν
509 3163 546 3207 δ’
566 3162 660 3208 ’ίδον
679 3164 725 3209 ἐν
744 3164 862 3226 νήσῳ
885 3165 1069 3223 θαλερὸν
1089 3167 1195 3210 κατὰ
1216 3165 1347 3225 δάκρυ
1365 3166 1535 3225 χέοντα,

417 3234 602 3292 Νύμφης
621 3235 666 3280 ἐν
685 3236 913 3295 μεγάροισι
933 3238 1186 3295 Καλυψοῦς,
1207 3238 1237 3294 ἥ
1255 3256 1327 3294 μιν
1346 3238 1504 3296 ἀνάγκῃ

415 3303 549 3363 ἴσχει·
581 3308 606 3349 ὁ
627 3306 663 3350 δ’
686 3308 736 3351 οὐ
753 3307 930 3369 δύναται
951 3307 1002 3364 ἣν
1021 3309 1208 3366 πατρίδα
1226 3312 1353 3367 γαῖαν
1374 3308 1553 3354 ἱκέσθαι·

418 3378 468 3420 οὐ
487 3377 571 3435 γάρ
592 3378 633 3421 οἳ
652 3379 768 3437 πάρα
788 3382 882 3436 νῆες
902 3379 1132 3437 ἐπήρετμοι
1153 3381 1222 3424 καὶ
1240 3382 1415 3433 ἑταῖροι,

418 3445 461 3490 οἵ
478 3446 547 3491 κέν
566 3466 638 3504 μιν
656 3448 861 3506 πέμποιεν
881 3449 946 3494 ἐπ’
969 3449 1092 3508 εὐρέα
1114 3455 1225 3496 νῶτα
1246 3451 1488 3508 θαλάσσης.

477 3575 500 3597 0
533 3567 621 3640 od.
643 3569 701 3613 iv.
725 3569 826 3623 561.
1394 3582 1417 3612 ι»
1448 3574 1506 3619 iv.
1529 3574 1630 3631 556.
