2320 4126
386 230 495 285 164
688 233 858 299 Quare
883 232 1166 286 Homerica
1180 233 1367 303 pueris
1392 232 1579 285 emimie
1593 231 1839 302 placeam
1857 254 1873 284 .·
1952 250 2112 283 PRAEL.
2133 251 2185 283 x.

391 382 541 439 tidie
603 381 792 440 oculis
852 389 1108 440 cernunt
1174 389 1301 457 tam
1361 379 1631 456 perfecte
1690 378 1989 455 planeque
2049 398 2186 436 con-

387 482 629 539 sentire.

470 579 824 649 Quinetiam
857 578 1002 654 (quo
1033 577 1183 634 nihil
1224 578 1286 634 in
1327 576 1443 634 hoc
1484 595 1706 654 genere
1737 576 1996 652 dulcius)
2030 576 2187 652 ejus-

382 678 547 735 modi
593 684 685 736 est
733 677 988 735 Homeri
1023 676 1247 744 Poesis‚
1282 675 1330 734 si
1375 676 1557 733 modo
1602 695 1711 734 nos
1757 663 2011 733 forma‘m
2057 675 2185 751 ejus

382 797 504 834 non
550 778 796 834 omnino
850 776 1335 834 commentitiam
1385 775 1683 851 ponimus,
1738 794 1870 851 quae
1918 773 2184 831 maxime

381 876 656 932 omnium
701 880 1083 932 commoveat
1129 874 1361 932 animos
1396 872 1725 952 puerilium
1772 891 2057 930 annorum
2093 890 2184 928 ‘re-

374 971 736 1035 cordatione.
802 973 1130 1031 Enimvero
1163 992 1373 1031 omnes
1405 972 1548 1041 fere,
1582 973 1726 1030 dum
1758 972 1928 1049 pueri
1960 989 2182 1038 sumuS‚

378 1073 709 1130 maximam
763 1079 1000 1149 partem
1061 1074 1173 1131 sub
1223 1073 1321 1129 dio
1374 1073 1669 1141 vivimus;
1732 1091 1872 1130 cum
1926 1071 2181 1138 famulis,

379 1190 519 1228 cum
594 1172 895 1248 operariis,
960 1191 1100 1230 cum
1174 1172 1449 1229 tunicato
1523 1171 1765 1248 popello
1834 1189 2182 1238 versamur;

379 1290 561 1347 opera
611 1290 820 1328 eorum
881 1278 945 1328 et
1005 1270 1239 1329 labores
1299 1290 1438 1328 cum
1493 1270 1806 1347 voluptate
1855 1270 2040 1327 defixi
2093 1270 2182 1326 in-

379 1375 643 1427 tuemur.
735 1369 1063 1446 Postquam
1113 1377 1321 1428 autem
1368 1369 1574 1439 semel,
1605 1370 1776 1427 annis
1821 1368 2180 1436 labentibus,

377 1469 451 1524 ad
487 1468 769 1527 stabilem
801 1471 941 1528 vitae
972 1476 1245 1527 tenorem
1280 1477 1343 1527 et
1386 1470 1461 1526 ad
1492 1470 1783 1547 ingenuas
1813 1475 1973 1527 artes
2004 1469 2182 1526 deve-

380 1568 597 1636 nimUS‚
673 1568 993 1644 paullatim
1069 1568 1347 1646 refugere
1417 1568 1702 1625 discimus
1775 1568 2178 1625 rusticitatem

376 1665 561 1734 illam,
614 1667 783 1742 quasi
843 1668 1167 1725 barbarum
1221 1668 1507 1743 quiddam
1561 1674 1625 1723 et
1685 1666 2015 1724 insulsum:
2091 1667 2181 1723 ita

376 1774 584 1823 tamen
627 1773 697 1823 ut
741 1766 1012 1842 puerilia,
1060 1786 1196 1824 cum
1247 1767 1542 1824 desiderio
1591 1785 1709 1823 non
1763 1765 1899 1832 levi,
1946 1784 2181 1842 respec-

376 1871 594 1933 tantes,
624 1872 695 1922 ut
727 1865 964 1933 dicitur,
999 1865 1360 1941 linquamus,

463 1962 602 2032 Quo
633 1963 705 2021 fit
751 1971 821 2021 ut
867 1966 1056 2022 etiam
1095 1971 1276 2023 aetate
1314 1969 1631 2040 provectos
1661 1963 1926 2019 maxime
1960 1962 2180 2038 juvent

377 2082 448 2120 ea
493 2043 773 2129 carmina,
821 2069 1053 2131 cantus,
1094 2063 1346 2131 fabellae,
1393 2081 1525 2138 quae
1569 2061 1795 2137 absque
1842 2062 2179 2120 rusticitate

375 2162 760 2231 rusticentur,
815 2162 1045 2238 absque
1097 2163 1378 2221 molestia
1430 2160 1738 2238 plebeium
1799 2159 2059 2236 aliquod,
2115 2167 2178 2218 et

374 2261 739 2327 inornatum,
786 2269 850 2318 et
894 2269 1134 2339 agreste
1183 2263 1434 2338 sapiant.
1534 2260 1632 2318 Ita
1675 2260 1960 2317 nimirum
2003 2261 2180 2337 juve-

375 2358 528 2416 niles
595 2359 707 2416 sibi
770 2359 1024 2435 quisque
1084 2360 1249 2418 lusus
1317 2360 1631 2435 otiumque
1699 2358 2049 2416 suavissime
2115 2359 2177 2415 in

375 2458 606 2516 animos
637 2459 903 2517 revocari
935 2460 1207 2516 sentiunt
1237 2458 1532 2516 homines.

463 2556 875 2626 Quamobrem
900 2578 1013 2636 ego
1044 2558 1296 2615 minime
1327 2558 1544 2635 frigere
1576 2557 1921 2624 concedam,
1953 2576 2031 2614 ne
2072 2575 2177 2614 sae-

373 2657 508 2733 pius
547 2657 791 2733 quidem
834 2658 1111 2734 repetita,
1143 2657 1362 2734 quibus
1401 2656 1708 2715 Homerus
1746 2676 1809 2714 se
1846 2656 2174 2714 admodum

378 2756 663 2824 delectat,
703 2757 779 2814 de
824 2756 1091 2825 navium,
1139 2775 1464 2823 armorum,
1504 2755 1780 2834 bigarum
1819 2755 2060 2822 fabrica,
2098 2755 2175 2812 de

374 2875 546 2913 coena
592 2856 873 2933 paranda,
925 2857 1000 2914 de
1050 2855 1230 2913 mulis
1279 2855 1390 2913 sub
1440 2854 1708 2931 plaustro
1758 2853 1982 2911 Priami
2031 2853 2175 2929 jun-

372 2956 601 3033 gendis,
634 2956 710 3013 de
741 2956 1041 3013 caedendis
1070 2955 1133 3012 in
1164 2954 1276 3012 Ida
1306 2950 1523 3032 lignisk
1550 2973 1562 3011 :

614 3094 656 3136 οἱ
678 3091 715 3136 δ’
736 3091 854 3146 ἴσαν,
876 3094 1119 3150 ὑλοτόμους
1138 3092 1348 3139 πελέκεας
1369 3093 1416 3137 ἐν
1434 3093 1596 3151 χερσὶν
1615 3092 1806 3150 ἔχοντες,

615 3167 768 3225 σειράς
788 3165 824 3211 τ’
849 3167 1129 3212 εὐπλέκτους·
1162 3168 1250 3224 πρὸ
1273 3165 1310 3210 δ’
1334 3165 1400 3225 ἄρ’
1424 3166 1578 3224 οὐρῆες
1598 3165 1693 3209 κίον
1711 3165 1866 3209 αὐτῶν·

613 3239 766 3284 πολλὰ
787 3238 824 3283 δ’
847 3238 1022 3292 ἄναντα,
1045 3240 1246 3291 κάταντα,
1268 3239 1467 3295 πάραντά
1487 3257 1550 3291 τε,
1573 3239 1733 3297 δόχμιά
1756 3237 1792 3282 τ’
1814 3237 1967 3294 ἦλθον·

615 3312 716 3356 ἀλλ’
740 3311 814 3357 ὅτε
836 3312 888 3369 δὴ
911 3312 1096 3370 κνημοὺς
1115 3311 1347 3370 προσέβαν
1365 3311 1665 3357 πολυπίδακος
1674 3308 1811 3367 Ἴδης,

619 3386 752 3431 αὕτικ’
777 3386 861 3445 ἄρα
884 3387 989 3447 δρῦς
1009 3387 1260 3445 ὑψικόμους
1280 3384 1482 3443 ταναήκεϊ
1500 3387 1654 3445 χαλκῷ

616 3462 778 3519 τάμνον
799 3461 1088 3520 ἐπειγόμενοι·
1123 3462 1194 3505 ταὶ
1216 3460 1265 3505 δὲ
1286 3461 1460 3519 μεγάλα
1481 3458 1747 3504 κτυπέουσαι

618 3535 792 3581 πῖπτον·
827 3536 905 3581 τὰς
924 3536 1006 3593 μὲν
1026 3535 1176 3579 ἔπειτα
1198 3534 1554 3591 διαπλήσσοντες
1573 3532 1748 3592 Ἀχαιοί

1077 3677 1102 3708 ¹¹
1135 3679 1189 3723 ΙΙ.
1213 3679 1336 3723 xxiii.
1366 3693 1466 3733 114.
