2320 4126
150 292 304 324 PRAEL.
323 291 357 323 1.
439 319 443 322 ,
464 278 570 323 tam
595 269 959 324 Nummorum,
989 281 1141 331 quam
1170 262 1468 313 Phantasice
1491 281 1592 331 ope.
1831 264 1893 313 11

228 414 465 486 Nempe
485 411 689 466 multis
706 408 1052 483 magnisque
1071 407 1246 463 rebus
1264 426 1382 462 uno
1402 407 1730 479 eodemque
1751 413 1902 461 tem-

150 529 290 585 pore
312 487 723 584 ingruentibus
745 522 1021 579 oppressa
1042 510 1222 576 atque
1246 502 1459 558 obruta
1479 520 1664 567 mens,
1696 508 1759 556 et
1784 522 1900 575 quo

151 625 213 662 se
235 605 423 679 primo
447 608 705 658 verteret
729 601 941 665 nescia,
967 598 1267 672 quaerebat
1291 599 1447 670 quod
1474 598 1582 653 sibi
1614 596 1899 665 similiter,

146 720 218 757 ac
259 705 474 755 vexato
511 698 735 772 corpori
778 703 916 752 sunt
953 694 1246 769 lacrymae,
1279 694 1540 750 remedio
1585 701 1647 749 et
1691 692 1901 749 solatio

101 847 104 851 ,
150 796 322 852 foret.
413 794 587 861 Quod
625 795 814 868 ipsum
864 792 1071 865 utique
1113 790 1443 847 desiderare
1485 790 1754 847 dicebam
1797 789 1902 844 ho-

150 892 339 949 mines
373 890 685 964 impotenti
721 887 939 943 affectu
969 886 1257 960 percitos:
1305 885 1417 941 hoc
1455 892 1691 940 tantum
1721 884 1904 939 inter-

152 995 313 1054 erat;
364 986 497 1042 illos
537 984 893 1040 verecundia
941 982 1101 1056 loqui
1144 982 1515 1056 prohibebat,
1556 982 1648 1037 his
1692 981 1904 1037 elatior

150 1090 240 1139 est
280 1100 500 1146 senSUS‚
532 1099 709 1154 quam
746 1079 845 1153 qui
886 1097 1156 1134 sermone
1195 1078 1308 1133 hoc
1351 1078 1694 1152 quotidiano
1736 1097 1905 1152 mon,-

150 1179 319 1235 strari
347 1185 451 1233 aut
481 1184 659 1251 queat
689 1183 792 1232 aut
823 1175 1004 1230 etiam
1037 1174 1199 1229 velit.

250 1274 560 1348 Optimum
611 1273 792 1347 igitur
841 1257 1107 1344 utrisque
1159 1269 1483 1325 subsidium
1536 1289 1903 1343 comparasse

150 1370 399 1426 dicimus
443 1387 572 1424 eam
611 1368 731 1422 vim
770 1365 997 1440 providi
1043 1384 1110 1421 ac
1155 1365 1395 1440 benigni
1435 1364 1734 1430 NUMINIS,
1769 1385 1902 1438 quae

148 1485 266 1522 non
295 1464 512 1522 coelum
540 1464 718 1519 modo
748 1470 810 1518 et
840 1469 1039 1528 terras,
1071 1462 1172 1517 sed
1204 1461 1381 1517 corda
1410 1481 1644 1536 quoque
1685 1472 1906 1539 morta-5

120 1561 296 1617 vlium
353 1566 665 1635 temperat,
719 1559 876 1633 quod
935 1577 1005 1614 ea
1057 1557 1285 1626 PoEslN
1335 1558 1674 1613 hominibus
1721 1559 1903 1614 dedit.

146 1657 287 1714 Nec
343 1677 454 1733 ego
505 1656 678 1714 valde
729 1674 887 1711 nunc
939 1653 1161 1721 labor0,
1207 1654 1347 1728 quid
1401 1661 1571 1710 sonet
1615 1654 1738 1711 haec
1786 1674 1903 1711 vox

151 1752 443 1810 Poeseos:
513 1770 691 1826 quam
743 1758 812 1806 ut
870 1751 1307 1806 accuratissime
1365 1751 1608 1806 definire
1667 1753 1902 1825 possim,

148 1867 268 1909 non
311 1848 487 1922 hujus
525 1849 587 1903 id
623 1848 737 1904 loci
783 1855 908 1903 estt
955 1849 1071 1903 duo
1109 1854 1345 1903 tantum
1391 1847 1508 1914 illa,
1548 1867 1681 1921 quae
1726 1867 1903 1904 nemo

149 1944 372 2000 inficias
419 1944 547 2008 ibit,
587 1945 780 2018 posita
822 1943 969 1998 mihi
1013 1953 1074 1999 et
1119 1963 1395 2001 concessa
1439 1944 1649 2001 velim:
1696 1947 1903 2019 primo,

151 2039 381 2106 Poesin,
408 2059 772 2114 quaecunque
798 2040 1035 2096 demum
1069 2042 1161 2107 sit,
1187 2060 1319 2096 cum
1346 2043 1605 2097 numeris
1629 2050 1691 2097 et
1714 2062 1906 2117 aequa-

150 2135 255 2191 bili
308 2136 513 2191 ordine
571 2155 847 2191 sonorum
907 2136 1232 2191 arctissime
1284 2137 1719 2210 quodammodo
1778 2158 1904 2195 esse

150 2234 557 2306 conjunctam:
605 2232 818 2287 deinde
862 2232 923 2286 in
968 2251 1038 2287 eo
1082 2234 1380 2307 praecipue
1419 2236 1650 2299 versari,
1698 2243 1765 2291 ut
1804 2236 1906 2292 ab-

149 2328 410 2383 sentium
441 2347 635 2390 rerum
675 2329 961 2404 imagines
990 2330 1249 2395 reducat,
1281 2331 1587 2398 instauret,
1618 2352 1734 2406 prae
1765 2352 1902 2388 ocu-

151 2422 221 2479 lis
249 2430 465 2497 ponat3
511 2432 764 2499 cognata
794 2425 1028 2498 cuique,
1061 2431 1120 2480 et
1154 2426 1381 2492 similia,
1415 2433 1477 2482 et
1506 2427 1606 2483 filo
1637 2430 1905 2502 quamvis

151 2519 315 2575 tenui
366 2538 651 2585 connexa,
703 2521 918 2594 partim
971 2522 1364 2596 undequaque
1407 2523 1604 2579 eliciat
1655 2544 1722 2580 ac
1773 2544 1905 2599 pro-

151 2614 317 2680 ferat,
347 2615 565 2690 partim
595 2615 691 2671 via
726 2623 787 2671 et
826 2616 1054 2672 ratione
1085 2625 1437 2692 componat3
1483 2619 1663 2675 verbo
1694 2621 1903 2687 dicam,

151 2708 485 2774 Phantasiae
514 2711 810 2766 inserviat.
886 2711 1158 2784 Utraque
1188 2721 1349 2769 certe
1385 2733 1459 2770 ex
1491 2722 1657 2788 parte
1687 2717 1902 2772 mirum

151 2812 439 2878 quantum
484 2824 555 2861 ea
590 2806 817 2862 confert
853 2807 925 2862 ad
964 2813 1206 2880 pectora
1243 2807 1551 2864 hominum
1590 2810 1906 2868 mulcenda

151 2908 214 2957 et
271 2902 664 2957 constantiam
716 2902 1017 2958 tuendam.
1105 2902 1258 2959 Cum
1312 2905 1470 2960 enim
1527 2906 1587 2960 in
1646 2908 1904 2974 vocibus

151 2996 425 3062 numeris,
485 2996 675 3052 modis
733 3004 1015 3063 moretur,
1073 2999 1332 3054 animum
1400 3006 1682 3074 tanquam
1744 3004 1901 3061 aliud

151 3092 378 3166 agendo
438 3110 473 3147 a
529 3092 681 3148 curis
731 3099 793 3147 et
845 3093 1161 3168 angoribus
1212 3102 1453 3152 avocat:
1513 3116 1647 3152 cum
1701 3108 1901 3156 autem

151 3187 472 3261 phantasiae
503 3188 604 3244 det
634 3207 889 3262 operam,
920 3198 1160 3245 revocet
1190 3193 1501 3264 praeterita,
1533 3194 1732 3251 futura
1761 3216 1903 3271 prae-

152 3283 354 3357 sagiat,
380 3283 577 3339 omnia
608 3284 861 3358 denique
898 3304 968 3340 eo
999 3285 1210 3351 colore,
1243 3305 1358 3359 quo
1390 3287 1534 3344 velit
1563 3309 1729 3347 mens
1758 3294 1901 3367 ipsa,

152 3378 415 3445 imbuat3
467 3381 850 3436 aestuantibus
893 3400 1023 3437 eam
1076 3380 1383 3438 affectibus
1428 3402 1664 3457 parcere
1709 3396 1770 3444 et
1814 3391 1901 3446 in-

154 3473 395 3548 dulgere
425 3474 719 3549 paulisper
747 3475 1150 3551 intelligimus,
1181 3486 1359 3550 atque
1389 3478 1445 3533 id
1487 3481 1697 3537 saltem
1736 3486 1902 3543 nobis

154 3568 345 3624 solatii
377 3571 710 3645 contigisse,
741 3571 897 3644 quod
921 3578 1203 3647 negatum
1236 3571 1374 3627 olim
1410 3573 1627 3631 Didoni
1661 3582 1878 3645 nocuit,

722 3685 917 3741 requiem
940 3685 1220 3742 spatiumque
1241 3686 1394 3729 furori.
