2320 4126
329 228 402 279 20
570 227 687 292 Qua
711 227 765 279 vi
791 224 857 305 8th
883 224 1032 295 apud
1054 224 1267 276 rusticos
1293 222 1513 275 locorum
1541 220 1849 285 admonitu-5,
1891 238 2052 271 PRAEL.
2074 239 2132 273 11.
2196 248 2198 250 ·

328 378 650 447 paupertas
675 372 1018 438 edocuerat,
1042 369 1247 426 >omnia
1272 365 1720 441 quodammodo
1750 365 1826 422 ad
1858 383 2131 421 normam

329 469 612 526 utilitatis
644 467 962 545 exigenda.

415 566 573 634 Jam,
628 566 845 641 quibus
898 563 1145 631 artibUS,
1200 582 1405 620 amore
1459 568 1749 636 tanquam
1803 560 1982 636 capti,
2030 559 2138 615 do·-

328 665 582 721 mestica
623 663 735 720 sibi
780 662 1234 740 peregrinantes
1283 660 1668 727 adumbrent,
1710 658 1855 734 quid
1895 656 2136 734 longius

330 781 570 819 narrare
611 760 874 818 attinet?
965 759 1184 817 Satiari
1228 757 1636 815 delectatione
1689 775 1811 814 non
1862 760 2134 831 possunt,

330 860 512 917 modo
554 859 651 917 vel
695 859 1172 915 minutissimum
1218 856 1436 914 nativae
1482 855 1639 913 sedis
1683 853 1992 931 angulum,
2030 858 2137 910 aut

329 955 628 1012 fumantia
656 960 923 1030 paternae
953 955 1168 1011 domus
1206 952 1474 1011 culmina
1510 951 1720 1028 procul
1765 971 1829 1009 se
1871 950 2137 1026 aspicere

331 1053 601 1111 credant.
691 1051 856 1121 Quin
892 1052 969 1110 ab
1009 1051 1139 1127 ipsa
1181 1051 1316 1109 coeli
1357 1051 1605 1128 regione
1646 1049 1990 1126 longinquae
2034 1067 2140 1123 pa-

328 1151 460 1208 triae
490 1150 693 1208 locum
738 1156 1013 1207 extorres
1055 1149 1405 1224 conjectura
1441 1146 1657 1204 saltem
1689 1145 1924 1221 assequi
1954 1144 2140 1221 gesti-

332 1253 463 1303 unt.
555 1245 779 1321 Neque
830 1246 994 1302 enim
1040 1244 1385 1321 pulchriora
1443 1249 1602 1310 sunt,
1654 1261 1835 1317 quam
1889 1240 2138 1307 veriora,

335 1364 466 1420 quae
524 1345 685 1420 apud
746 1342 1057 1400 Scoticum
1111 1342 1305 1411 illum,
1366 1342 1551 1399 divini
1606 1341 1758 1397 ruris
1803 1339 2137 1406 alumnum,

334 1441 594 1518 legimus
615 1460 631 1510 ;
681 1461 814 1517 quae
840 1440 1052 1498 Graece
1076 1448 1388 1517 utcunque
1413 1459 1584 1497 versa
1606 1438 1705 1497 hic
1729 1438 1845 1495 loci
1870 1437 2138 1514 proferre

335 1540 495 1597 haud
528 1540 649 1597 scio
687 1559 764 1596 an
807 1557 1001 1615 operae
1042 1540 1120 1597 sit
1162 1540 1464 1615 pretium:
1513 1538 1796 1614 quoniam
1831 1535 2139 1593 Theocriti

333 1636 519 1712 ipsius
549 1636 832 1704 indolem,
859 1643 965 1694 aut
996 1637 1239 1694 suavius
1268 1636 1514 1712 aliquid,
1547 1636 1769 1712 spirare
1801 1633 2118 1691 videntur:

573 1759 725 1804 νυκτὸς
746 1758 812 1802 fia
836 1757 1029 1817 ζέφυρον
1049 1758 1376 1817 ποτιδέρκομαι,
1400 1757 1557 1803 ὅτι-ποτ’
1581 1759 1625 1805 ἐς
1646 1761 1776 1803 εὔναν

578 1831 793 1888 ἐκλίνθην·
828 1833 879 1875 τό
900 1850 976 1888 μοι
998 1830 1113 1875 ἆὸυν·
1127 1830 1192 1875 ἐπ’
1217 1830 1413 1889 ὄμμασιν
1432 1830 1569 1876 ὕπνον
1589 1832 1728 1890 ἔχευε·

573 1906 686 1963 πρὸς
708 1904 901 1963 ζέφυρόν
921 1922 1007 1964 γαρ
1030 1903 1186 1961 τὴλοσ·’
1210 1903 1416 1964 ἀπῴχετο
1438 1905 1656 1963 φίλτατος
1677 1903 1862 1963 ἄνδρων,

576 1974 704 2038 ᾤχετ’
729 1978 818 2030 ἰών,
840 1978 981 2024 πόθος
1001 1977 1118 2036 ἁμὶν,
1142 1976 1239 2035 ἐμοὶ
1260 1979 1330 2022 καὶ
1350 1979 1474 2023 παιδὶ
1494 1978 1682 2040 ἀφαύρῳ
1696 1985 1732 2022 0.

337 2080 429 2139 Ut
482 2091 771 2140 sexcenta
799 2075 941 2140 ‘alia
993 2083 1294 2150 omittam,
1348 2103 1426 2140 ex
1471 2103 1594 2140 una
1637 2083 1751 2140 hac
1798 2083 2144 2141 dulcissima

337 2179 638 2237 cantilena
696 2186 830 2238 tota
888 2199 984 2237 res
1043 2179 1305 2256 intelligi
1363 2187 1584 2256 potest.
1676 2178 1907 2238 Erratis
1959 2183 2141 2248 enim,

337 2278 712 2353 Academici,
738 2278 786 2334 si
817 2277 975 2334 forte
1005 2278 1380 2334 arbitramini
1412 2278 1726 2336 subtiliora
1756 2298 1885 2337 esse
1915 2280 2046 2347 ista,
2079 2287 2144 2336 et

337 2376 614 2452 tenuiore
644 2374 747 2431 filo
780 2375 1062 2442 deducta,
1095 2394 1275 2450 quam
1322 2395 1431 2451 pro
1473 2384 1656 2452 captu
1699 2377 1851 2435 ruris
1895 2379 2143 2435 indocti.

341 2471 605 2530 Sanioris
668 2491 798 2529 esse
839 2473 1056 2548 judicii
1109 2474 1437 2542 crederem,
1493 2474 1679 2549 siquis
1727 2475 1967 2543 dixerit,
2014 2495 2143 2533 rem

339 2570 530 2645 ipsam
583 2569 797 2626 multis
843 2571 1111 2645 potuisse
1164 2571 1227 2626 in
1279 2577 1548 2628 mentem
1602 2572 1827 2640 venire,
1879 2571 2145 2631 carmina

342 2667 511 2732 nulli,
536 2667 648 2723 nisi
682 2668 802 2723 vati
837 2667 1146 2742 praeclarO.
1198 2668 1527 2745 Fingamus
1557 2670 1760 2746 igitur,
1792 2691 1921 2729 rem
1951 2672 2142 2748 ipsam

342 2764 560 2852 nostris
592 2764 781 2821 oculis
811 2783 919 2821 nos
951 2784 1211 2833 cernere,
1237 2772 1343 2823 aut
1375 2765 1576 2835 fand0,
1602 2767 1650 2824 si
1681 2787 1775 2825 res
1804 2770 1895 2825 ita
1913 2769 2143 2838 tulerit,

341 2862 564 2929 audire,
606 2861 788 2919 nullis
832 2862 1029 2919 adhuc
1075 2882 1272 2939 neque
1317 2865 1584 2923 numeris
1629 2863 1993 2936 conclusam,
2031 2887 2145 2926 nec

340 2958 661 3016 verborum
693 2958 923 3015 deliciis
963 2961 1288 3017 conditam.
1383 2961 1611 3019 Nonne
1651 2965 1839 3021 tacita
1870 2967 2143 3043 quaedam

343 3052 456 3108 erit
506 3050 751 3108 Poesis?
815 3070 1015 3108 nonne
1066 3053 1282 3110 divinae
1330 3057 1473 3113 artis
1533 3049 1830 3118 rationem
1890 3080 1960 3118 ac
2019 3063 2144 3118 vim

343 3155 629 3225 agnoscet
653 3148 991 3205 communis
1023 3149 1148 3206 fere
1180 3153 1451 3210 omnium
1484 3156 1732 3213 sensus?

462 3318 482 3341 c
516 3316 545 3335 “
569 3311 590 3354 I
612 3312 723 3355 look
743 3318 791 3355 to
813 3311 891 3356 the
911 3319 1022 3356 west
1044 3312 1177 3357 when
1200 3313 1222 3356 I
1244 3329 1328 3372 gae
1349 3322 1396 3359 to
1419 3325 1526 3368 rest,

581 3383 700 3428 That
721 3384 875 3443 happy
896 3400 976 3443 my
998 3384 1175 3430 dreams
1198 3388 1289 3431 and
1310 3404 1388 3448 my
1412 3390 1639 3435 slumbers
1662 3406 1766 3450 may
1787 3392 1844 3436 be
1862 3409 1871 3436 ι

515 3456 604 3499 For
623 3457 691 3500 far
712 3457 756 3500 in
782 3457 859 3501 the
879 3464 990 3501 west
1011 3458 1049 3501 is
1070 3458 1129 3502 he
1152 3459 1173 3502 I
1195 3460 1284 3504 lo’e
1304 3460 1419 3514 best,

582 3528 680 3573 The
700 3529 776 3573 lad
796 3529 896 3573 that
917 3530 955 3572 is
979 3528 1085 3573 dear
1106 3537 1154 3575 to
1175 3546 1254 3590 my
1274 3533 1395 3592 baby
1417 3535 1508 3579 and
1529 3537 1650 3579 me.''
1682 3491 1685 3495 μ

1299 3605 1459 3637 Βανηεέ
1476 3607 1635 3648 Letters,
1654 3609 1688 3639 N
1692 3615 1723 3642 0.
1741 3618 1852 3642 cxv1.
