2320 4126
511 1271 1125 1342 PRAELECTIO
1187 1271 1587 1344 DECIMA
1649 1272 1954 1341 NONA.

334 1731 553 1790 ‘AEsehyli
571 1731 832 1776 sententiam
853 1730 906 1775 de
926 1730 1097 1775 Divina
1118 1729 1407 1775 Providentia
1429 1731 1642 1789 mitiyari,
1663 1732 1874 1791 primum,
1891 1733 2141 1779 Promethei

397 1806 554 1850 ultima
582 1806 769 1858 ratione,
799 1804 954 1849 deinde
985 1805 1188 1849 universo
1218 1804 1424 1863 Tl'm'loyioe
1457 1805 1666 1850 Oresteioe
1692 1811 1854 1851 tenore.
1918 1807 1990 1852 De
2015 1807 2139 1866 Αθα-

397 1881 633 1925 memnonis
671 1880 906 1938 οἰκονομίᾳ.
990 1878 1197 1923 Custodi-s
1223 1884 1398 1937 parte-5,
1444 1880 1633 1925 comicas
1658 1881 1823 1937 ferme,
1866 1897 1953 1926 non
1995 1888 2138 1927 tamen

398 1970 491 1999 esse
523 1955 578 1999 ab
612 1969 663 1999 ea
682 1954 851 2012 fabula
885 1954 1069 1998 alienas.
1133 1953 1205 1997 De
1246 1953 1383 1998 Chori
1413 1954 1608 2016 παρόδῳ.
1671 1955 1865 1999 Multum
1898 1971 1991 2000 esse
2021 1956 2138 2001 AEs-

397 2030 570 2087 chylum
590 2031 638 2073 in
660 2029 888 2088 auspiciis,
913 2034 955 2073 et
975 2029 1023 2072 in
1044 2028 1161 2072 omni
1182 2028 1469 2072 animantium
1498 2029 1643 2074 indole
1667 2029 1952 2075 declaranda.
2020 2031 2141 2082 Quid

395 2104 443 2147 in
472 2107 566 2147 eam
598 2118 689 2147 rem
722 2104 1006 2161 Pythayorea
1040 2103 1280 2160 disciplina
1307 2104 1556 2148 contulerit.
1619 2103 1692 2148 De
1724 2104 2139 2163 Metamorphoseczu

396 2178 583 2221 ratione.
625 2177 851 2221 Poetieum
872 2177 1206 2220 instrumentum
1226 2191 1278 2220 ex
1299 2191 1350 2220 ea
1365 2182 1503 2234 parte
1526 2192 1614 2222 non
1633 2178 1784 2230 minui,
1799 2179 1953 2236 auyeri
1972 2179 2138 2237 potius,

395 2250 651 2294 introducta
670 2251 871 2295 veritate.
933 2250 1085 2294 Jovem
1105 2250 1154 2293 in
1175 2250 1433 2295 Prometheo
1467 2256 1718 2311 tyrannum,
1741 2251 1790 2297 in
1817 2251 2137 2310 Aqamemnone

336 2350 345 2358 ·
384 2324 683 2381 justissimum
705 2323 858 2368 haberi
877 2323 1107 2369 vindicem.

1440 2450 1465 2462 9

470 2526 752 2597 ORUM,
789 2547 926 2605 quae
963 2546 1072 2584 nos
1109 2545 1190 2584 ex
1231 2526 1599 2585 Prometheo
1636 2527 2021 2604 potissimum
2058 2529 2136 2588 de

528 2626 820 2704 religione
886 2625 1158 2704 AEschyli
1219 2625 1676 2702 disputavimus,
1743 2624 1877 2684 haec
1944 2627 2135 2686 ferme

333 2746 570 2786 summa
606 2732 772 2795 erat3
813 2726 1009 2803 primo
1052 2725 1355 2802 scripsisse
1387 2744 1528 2783 eum
1568 2723 1921 2802 gravissimo
1957 2744 2135 2785 sensu

331 2825 603 2885 mortalis
647 2825 826 2902 hujus
873 2824 1251 2903 aegritudinis
1311 2844 1381 2883 ao
1440 2823 1707 2883 tristitiae
1754 2824 2132 2901 perculsum:

332 2925 552 2984 deinde
610 2925 687 2982 ad
749 2923 1022 2982 Deorum
1081 2943 1310 2982 numen
1384 2929 1606 2982 cuncta
1657 2921 1951 2992 retulisse,
2011 2943 2133 2982 non

329 3024 405 3082 ad
436 3043 663 3082 ooeoam
697 3022 833 3081 Fati
865 3042 1155 3092 normam,
1196 3023 1561 3099 decretaque
1594 3040 1704 3099 per
1741 3021 1830 3079 fas
1861 3028 1925 3079 et
1962 3023 2130 3082 nefas

331 3129 619 3180 eventum
649 3121 954 3190 habitura3
1000 3128 1326 3198 postremO,
1356 3121 1609 3178 minime
1638 3120 1702 3178 id
1733 3120 2128 3192 dissimulare,

330 3222 559 3280 nescire
603 3240 684 3289 se,
730 3241 849 3298 qua
887 3221 1135 3278 tandem
1181 3221 1414 3279 ratione
1460 3219 1710 3278 confusa
1751 3218 1886 3279 haee
1927 3239 2127 3280 rerum

331 3319 619 3379 colluvies
655 3320 953 3379 cohaereat
985 3340 1123 3378 oum
1164 3319 1458 3397 sapientia
1493 3338 1563 3377 ae
1595 3318 1870 3376 bonitate
1909 3320 2130 3377 summi

334 3417 653 3488 Ductoris3
698 3420 903 3495 itaque
945 3418 1355 3495 conjecturam
1397 3417 1529 3494 oapi
1568 3435 1759 3494 posse,
1814 3417 1971 3475 tradi
2020 3437 2127 3494 pro

333 3525 604 3595 tempore
662 3519 824 3576 huno
887 3519 1182 3576 mundum
1243 3518 1408 3596 quasi
1457 3519 1520 3575 in
1580 3535 1796 3574 manus
1854 3523 2123 3594 tyranno.
2183 3582 2186 3585 ,

334 3613 498 3672 Nam
558 3617 633 3674 ad
695 3624 1033 3695 tyrannum,
1095 3637 1355 3693 eumque
1412 3616 1884 3683 acerbissimum,
1945 3614 2128 3691 perti-
