2320 4126
375 219 482 279 196
805 222 1020 275 Alcinoi
1044 240 1145 275 ozon
1169 222 1514 276 inverecunda
1540 222 1765 275 comitas.
1889 241 2050 276 PRAEL.
2069 243 2167 277 ΧΠ.

613 365 770 423 ἥμενος
789 364 889 425 ἄγχ’
912 366 1060 411 αὐτοῦ’
1094 366 1212 423 βαρὺ
1233 366 1281 411 δὲ
1305 363 1597 424 στενάχοντος
1617 364 1820 423 ἄκουσεν.

610 435 728 497 αἶψα
750 438 797 483 δὲ
821 437 1068 494 Φαιήκεσσι
1090 437 1409 498 φιληρέτμοισι
1430 435 1635 496 μετηύδα·

613 511 811 565 κέκλυτε,
834 511 1032 568 Φαιήκων
1051 511 1262 571 ἡγήτορες
1281 510 1357 569 ἠδὲ
1377 510 1596 570 μέδοντες·

612 586 692 644 ἤδη
713 586 793 643 μὲν
814 586 963 632 δαιτὸς
984 585 1252 645 κεκορήμεθα
1275 585 1413 644 θυμὸν
1433 583 1571 643 ἐΐσης,

609 660 864 718 φόρμιγγός
881 658 936 712 θ’,
959 657 984 716 ἢ
1008 659 1122 704 δαιτὶ
1145 657 1362 717 συνήορός
1384 659 1482 704 ἐστι
1504 658 1672 716 θαλείῃ·

609 735 686 777 νῦν
706 731 744 776 δ’
768 731 1033 790 ἐξέλθωμεν,
1055 732 1126 777 καὶ
1148 731 1320 778 ἀέθλων
1339 733 1627 792 πειρηθῶμεν.

369 850 564 909 Novit
622 851 851 927 utique,
904 850 967 907 id
1019 850 1182 926 quod
1228 869 1404 909 nosse
1455 870 1576 909 non
1628 850 1817 908 cuivis
1865 849 2163 925 contingit

365 950 697 1016 hominum,
748 950 1087 1007 verecunde
1135 949 1232 1027 agi
1287 949 1508 1008 debere
1561 968 1701 1007 cum
1751 947 2164 1006 moerentibus.

366 1047 504 1118 Quo
535 1048 597 1104 in
627 1058 849 1125 genere
879 1054 943 1105 et
973 1046 1078 1106 illa
1107 1048 1333 1106 eximie
1373 1047 1692 1115 laudanda,
1725 1047 1942 1124 quibus
1982 1063 2161 1104 causa

368 1146 639 1204 moeroris
670 1146 1080 1223 exposciturn.

610 1285 703 1330 εἷπὲ
726 1283 780 1338 δ’,
803 1283 843 1338 ὅ,
865 1303 908 1330 τι
929 1285 1094 1332 κλαίεις
1114 1285 1184 1330 καὶ
1205 1284 1381 1344 ὀδύρεαι
1402 1285 1547 1332 ἔνδοθι
1568 1285 1706 1347 θυμῷ,

607 1358 834 1418 Ἀργείων,
858 1363 1053 1413 Δαναῶν,
1075 1357 1140 1416 ἠδ’
1161 1358 1297 1404 Ἰλίου
1318 1358 1436 1405 οἶτον
1455 1358 1638 1405 ἀκούων.

607 1434 685 1479 τὸν
705 1432 753 1477 δέ
776 1433 868 1478 θεοὶ
889 1433 969 1491 μὲν
988 1432 1161 1490 τεύξαν,
1185 1433 1487 1479 ἐπικλώσαντο
1511 1432 1547 1479 δ’
1571 1432 1757 1492 ὄλεθρον

607 1506 867 1567 ἀνθρώποις,
890 1507 960 1554 ἵνα
980 1506 1058 1565 ἧσι
1080 1509 1150 1553 καὶ
1173 1508 1487 1567 ἐσσομένοισιν
1506 1501 1647 1566 ἇοιδή.

604 1579 630 1638 ἦ
652 1581 719 1629 τίς
738 1600 807 1626 τοι
830 1582 900 1626 καὶ
920 1583 1032 1639 πηὸς
1051 1581 1274 1643 ἀπέφθιτο
1294 1583 1453 1629 Ἰλιόθι
1472 1585 1575 1643 πρὸ,

607 1655 774 1708 ἐσθλὸς
795 1655 878 1700 ἐὼν
892 1658 1093 1716 γαμβρὸς
1113 1655 1139 1714 ἢ
1160 1657 1385 1717 πενθερὸς,
1407 1657 1498 1703 οἵτε
1517 1657 1715 1716 μάλιστα

606 1727 806 1786 κήδιστοι
827 1726 1075 1782 τελέθουσι,
1096 1727 1191 1786 μεθ’
1215 1726 1319 1787 αἷμά
1338 1748 1387 1774 τε
1408 1729 1477 1774 καὶ
1497 1728 1623 1788 γένος
1642 1729 1798 1780 αὐτῶν,

605 1805 636 1860 ἤ
653 1802 719 1850 τίς
738 1820 825 1847 που
848 1803 918 1846 καὶ
940 1803 1112 1861 ἑταῖρος
1131 1802 1239 1862 ἀνὴρ
1263 1802 1558 1863 κεχαρισμένα
1579 1802 1718 1856 εἰδὼς,

606 1876 798 1930 ἐσθλός;
839 1876 932 1921 ἐπεὶ
954 1877 1007 1921 οὗ
1027 1875 1106 1935 μέν
1127 1896 1169 1922 τι
1191 1875 1471 1937 κασιγνήτοιο
1492 1875 1676 1936 χερείων

604 1951 815 2011 γίγνεται,
839 1949 887 1997 ὅς
909 1969 995 2005 κεν,
1019 1952 1191 2011 ἑταῖρος
1211 1951 1308 2006 ἐὼν,
1329 1950 1579 2010 πεπνυμένα
1600 1951 1710 2009 εἰδῇ.

366 2070 677 2131 Videlicet
726 2089 850 2128 non
897 2071 938 2128 ii
983 2072 1389 2141 nominantur,
1428 2071 1531 2148 qui
1576 2077 1718 2128 sunt
1762 2076 2156 2148 cognatorum

366 2171 637 2229 omnium
689 2170 970 2247 proximi,
1025 2170 1256 2240 fratreS,
1309 2176 1606 2248 parenteS,
1658 2169 1847 2239 liberi,
1901 2188 2177 2247 quorum·

364 2269 521 2327 forte
551 2269 782 2327 mentio
812 2270 990 2327 nimis
1021 2270 1444 2335 acerbaforet.
1506 2269 1667 2339 Quid
1699 2268 1937 2327 multa?
1982 2267 2162 2345 plane

358 2369 515 2447 regis
545 2367 706 2426 illius
736 2368 866 2436 ἦθος
891 2369 1235 2428 dulcissima
1265 2369 1524 2445 quadam
1553 2368 1898 2427 urbanitate
1930 2367 2158 2425 condiit

364 2466 574 2537 Poeta,
627 2488 706 2526 ne
758 2468 914 2527 forte
966 2476 1254 2546 putemus
1305 2467 1566 2547 vulgaris
1611 2486 1741 2526 esse
1785 2467 2156 2534 constantiae,

361 2568 522 2644 quod
583 2567 914 2646 hospitium
973 2570 1102 2646 ejus
1161 2576 1223 2627 et
1283 2567 1640 2626 affinitatem
1698 2566 1948 2643 praecise
2007 2565 2159 2623 adeo

364 2666 756 2727 declinaverit
803 2667 1069 2746 Ulysses,
1116 2687 1314 2744 neque
1358 2667 1523 2726 aliud
1570 2665 1696 2724 ullo
1740 2672 2014 2742 tempore
2062 2683 2162 2722 co-

357 2766 530 2843 gitet,
562 2786 745 2844 quam
778 2766 1130 2845 Penelopen
1163 2774 1226 2825 et
1258 2766 1532 2825 Ithacam
1564 2784 1755 2824 suam.

422 2963 521 3021 Ex
549 2963 643 3022 his
675 2964 954 3022 omnibus
984 2964 1236 3023 fortasse
1265 2963 1644 3042 intelligitur,
1667 2962 1754 3020 ita
1775 2961 1852 3020 ab
1874 2959 2147 3018 Homero

358 3062 492 3120 duci
526 3081 703 3120 suum
735 3061 1019 3140 Ulyssem
1051 3063 1210 3121 circa
1237 3063 1429 3121 maria
1459 3062 1662 3120 omnia
1691 3068 1754 3120 et
1795 3059 2034 3126 insulaS,
2065 3059 2153 3117 ita

359 3181 500 3220 eum
531 3180 729 3220 mores
761 3160 1078 3219 hominum
1121 3161 1458 3219 multorum
1498 3159 1797 3235 urbesque
1827 3159 1979 3217 serie
2009 3177 2155 3234 qua-

358 3262 498 3319 dam
558 3279 936 3339 cognoscere,
990 3268 1060 3318 ut
1119 3260 1288 3317 omni
1347 3277 1570 3337 genere
1623 3256 1959 3331 tranquillae
2011 3257 2152 3314 vitae

356 3368 610 3430 tentatO,
642 3379 953 3437 nunquam
984 3379 1104 3417 non
1139 3359 1406 3417 inveniat
1435 3358 1595 3434 quod
1625 3357 1817 3434 magis
1838 3356 2151 3434 magisque

355 3461 647 3518 accendat
691 3460 875 3518 toties
921 3460 1313 3519 decantatum
1359 3458 1574 3516 domus
1619 3456 1880 3533 antiquae
1918 3453 2151 3513 deside-

354 3559 528 3617 rium.

1052 3663 1079 3686 ¹¹
1113 3654 1204 3699 Od.
1227 3653 1319 3699 viii.
1342 3662 1446 3711 577.
