2320 4126
179 276 333 308 PRAEL.
356 274 444 305 XV.
510 254 803 304 Minervam
822 252 876 302 in
902 250 1036 302 omni
1065 250 1306 317 Odysseia
1332 249 1540 300 tacitam
1563 248 1747 299 adesse.
1821 249 1928 299 257

182 396 368 454 multa
388 400 674 458 avertant,
698 411 816 447 non
840 409 1026 466 pauca
1048 391 1107 445 in
1127 389 1339 445 melius
1358 395 1596 444 mutent
1616 406 1631 453 ;
1676 387 1929 442 homun-

180 493 325 550 culis
360 492 585 546 interea
616 487 895 544 Fortunae
926 492 1170 560 accepta
1201 483 1611 541 referentibus.
1721 481 1928 556 Atque

179 589 268 644 his
313 586 625 660 saepissime
667 584 857 639 utitur
892 583 1189 658 Odysseiae
1233 587 1456 636 auctor.
1545 578 1931 645 Crediderim,

179 683 485 758 indignum
538 681 727 736 visum
781 679 833 734 ei
883 677 1094 752 vulgus
1153 677 1481 742 hominum,
1535 675 1629 731 cui
1683 693 1745 730 se
1796 692 1934 748 cog-

181 778 501 834 noscendas
538 775 871 850 praeberent
915 774 1038 829 ulla
1078 792 1151 828 ex
1193 778 1360 847 parte
1397 771 1659 828 oaelestes
1701 770 1929 826 animae.

185 873 415 930 Horum
468 872 528 927 in
582 889 823 927 censum
871 870 1242 925 referendum
1298 869 1425 934 erit,
1479 875 1608 923 tum
1653 866 1931 941 quioquid
1975 920 1976 923 ,

183 987 428 1042 usquam
475 966 728 1042 legimus
780 967 853 1021 de
905 965 1077 1021 variis
1127 965 1404 1039 personiS‚
1455 982 1597 1038 quas
1647 962 1934 1018 induebat

183 1065 356 1122 aliam
404 1082 478 1119 ex
527 1063 640 1119 alia
692 1061 903 1126 Pallas,
956 1068 1131 1135 prout
1190 1080 1266 1116 ex
1315 1079 1424 1116 usu
1478 1059 1630 1115 foret
1681 1059 1934 1115 alumnis

186 1161 335 1227 suis;
380 1166 509 1215 tum
542 1159 740 1223 etiam,
783 1158 993 1231 quibus
1034 1157 1338 1213 insomniis
1370 1155 1729 1230 Penelopen,
1768 1155 1938 1212 Tele-

186 1256 478 1320 machum,
512 1243 777 1323 eaeterOS,
809 1260 976 1310 curat
1006 1252 1348 1319 admoneri3
1403 1259 1533 1307 tum
1566 1252 1723 1326 quod
1755 1250 1938 1307 semel

187 1360 364 1428 atque
421 1353 638 1408 iterum
697 1350 910 1407 eoelum
971 1368 1205 1425 quoque
1265 1356 1326 1405 et
1385 1355 1561 1404 terrae
1621 1348 1938 1422 temperari

188 1451 462 1506 videntur
507 1449 631 1523 ejus
681 1455 848 1514 num,
901 1448 962 1503 in
1020 1446 1398 1503 commodum
1458 1463 1679 1511 eorum,
1728 1444 1940 1518 quibus

191 1547 315 1620 ipsa
343 1545 680 1603 consultum
710 1544 902 1600 velitr.

429 1714 820 1725 ..............
838 1683 861 1722 ὁ
883 1679 918 1723 δ’
941 1681 1093 1738 ἔγρετο
1117 1680 1207 1724 δῖος
1226 1678 1483 1728 Ὀδυσσεὺς,

426 1753 557 1796 εὕδων
579 1752 624 1795 ἐν
644 1752 743 1810 γαίῃ
765 1749 972 1809 πατρωΐῃ,
997 1751 1099 1795 οὐδέ
1117 1770 1190 1808 μιν
1210 1751 1337 1810 ἕγνω,

427 1823 504 1878 ἤδη
527 1823 603 1879 δὴν
624 1823 778 1867 ἀπεών·
809 1824 909 1880 περὶ
929 1824 1013 1881 γὰρ
1036 1823 1133 1869 θεὸς
1152 1826 1256 1881 ἥερα
1276 1825 1403 1879 χεῦεν

428 1893 610 1938 Παλλὰς
628 1892 845 1949 Ἀθηναίη,
869 1892 998 1950 κούρη
1022 1892 1135 1938 Διός.

198 2012 305 2069 Est
336 2007 436 2070 ubi
469 2014 665 2070 Solem
700 2014 889 2088 ipsum
924 2032 1097 2070 eursu
1127 2013 1393 2070 inhibeat
1433 2011 1663 2087 Ulyssis
1694 2013 1954 2088 gratias:

433 2148 502 2191 καί
521 2147 570 2191 νύ
592 2147 626 2190 κ’
650 2147 950 2205 ὀδυρομένοισι
969 2148 1085 2205 φάνη
1106 2146 1421 2204 ῥοδοδάκτυλος
1441 2144 1538 2201 ἠὼς,

431 2219 467 2262 εἰ
487 2219 543 2275 μὴ
566 2218 630 2276 ἄρ’
653 2218 751 2262 ἄλλ’
775 2219 927 2274 ἐνόησε
950 2218 1026 2262 θεὰ
1046 2221 1293 2277 γλαυκῶπις
1312 2217 1485 2275 Ἀθήνη.

433 2289 561 2334 νύκτα
580 2291 657 2347 μὲν
679 2291 723 2334 ἐν
742 2292 904 2347 περάτῃ
928 2290 1108 2348 δολιχὴν
1130 2290 1306 2348 σχέθεν,
1328 2288 1388 2346 ἠῶ
1411 2289 1447 2333 δ’
1472 2289 1573 2333 αὖτε

431 2360 581 2418 ῥύσατ’
605 2361 668 2405 ἐπ’
690 2362 878 2405 Ὠκεανῶ
898 2363 1213 2420 χρυσόθρονον,
1237 2361 1328 2406 οὐδ’
1350 2363 1399 2405 ἕα
1419 2361 1576 2407 ἵππους

435 2432 655 2491 ζεύγνυσθ’
679 2433 914 2486 ὠκύποδας,
938 2435 1053 2491 φάος
1073 2434 1339 2492 ἀνθρώποισι
1360 2435 1588 2493 φέροντας.

202 2553 375 2610 Adeo
413 2575 568 2612 nuno
608 2557 778 2623 hano,
810 2576 966 2612 nune
1011 2556 1175 2613 illam
1205 2556 1403 2632 tangit
1435 2555 1624 2611 Poeta
1667 2555 1956 2611 rationem

191 2653 438 2725 juvandi
467 2651 741 2719 hominis,
772 2672 847 2708 ne
891 2671 967 2707 ex
1012 2651 1136 2708 ulla
1173 2671 1408 2727 prorsus
1446 2658 1613 2726 parte
1654 2668 1852 2707 carere
1899 2668 1961 2705 se

203 2754 376 2822 putet
433 2747 642 2822 aliquis
698 2749 973 2822 praesenti
1029 2749 1307 2814 numine3
1370 2748 1492 2805 sive
1550 2749 1623 2803 ad
1683 2747 1959 2803 fortuitos

205 2861 443 2899 suorum
474 2863 763 2908 oocursm,
796 2844 917 2899 sive
948 2843 1022 2899 ad
1052 2843 1185 2899 coeli
1208 2844 1580 2919 temperiem,
1605 2850 1962 2917 caeterasque

207 2958 402 2995 rerum
462 2940 819 2996 naturalium
871 2940 1295 3007 conversiones,
1359 2941 1480 2997 sive
1538 2941 1613 2996 ad
1664 2939 1853 2996 flexus
1901 2946 1962 2995 et

208 3034 618 3091 inclinationes
676 3036 1025 3091 animorum.
1115 3035 1228 3092 Illo
1276 3037 1497 3111 judice,
1557 3037 1780 3092 nemini
1839 3035 1962 3091 ullo

210 3137 476 3206 tempore
507 3139 735 3188 eertum
768 3139 1079 3206 ratumque
1111 3151 1237 3189 esse
1268 3132 1494 3200 debuit,
1525 3152 1586 3189 se
1616 3151 1735 3188 non
1765 3150 1958 3188 eoram

211 3245 448 3282 eernere
473 3225 737 3283 Deorum
769 3227 1042 3301 aliquem,
1074 3228 1334 3284 humana
1363 3228 1599 3284 format.

445 3348 640 3401 Ἀντίνο’,
663 3351 712 3393 οὐ
732 3351 810 3406 μὲν
831 3349 923 3393 κάλ’
946 3350 1103 3401 ἔβαλες
1124 3348 1336 3404 δύστηνον
1356 3347 1532 3403 ἀλήτην,

448 3420 660 3477 οὐλόμεν’·
696 3422 732 3464 εἰ
754 3421 804 3476 δή
826 3420 910 3464 πού
931 3440 995 3465 τις
1017 3421 1268 3477 ἐπουράνιος
1289 3421 1385 3465 θεός
1407 3420 1553 3470 ἐστιν;

332 3583 345 3599 ⁸
378 3574 467 3618 Od.
490 3575 580 3618 xiii.
610 3576 706 3630 187.
987 3582 1004 3604 ⁵
1037 3574 1157 3616 xxiii.
1184 3587 1282 3626 241.
1572 3575 1589 3603 t
1620 3574 1722 3616 xvii.
1747 3574 1847 3630 483.

1078 3666 1105 3702 S
