2320 4126
423 262 532 314 132
794 259 1071 331 Eoeempla,
1097 277 1212 330 quoe
1240 259 1520 312 Homerum
1547 258 1817 312 declarant
1965 277 2128 311 PRAEL.
2154 280 2227 315 IX.

727 396 776 441 ἐν
795 396 947 454 Λυκίῃ,
968 396 1129 441 πάντες
1150 395 1214 447 δέ,
1237 395 1364 441 θεοὺς
1385 396 1458 447 ὣς,
1481 395 1748 453 εἰσορόωσιν
1764 413 1777 447 3

727 471 797 515 καὶ
818 469 998 528 τέμενος
1019 469 1271 528 νεμόμεσθα
1293 469 1423 528 μέγα,
1448 468 1635 515 Ξάνθοιο
1655 468 1759 527 παρ’
1782 468 1937 528 ὄχθας,

726 545 864 589 καλὸν
885 546 1107 603 φυταλιῆς
1129 544 1199 588 καὶ
1220 542 1410 602 ἀρούρης
1429 544 1709 603 πυροφόροιο
1726 562 1741 597 ;

725 622 786 679 τῷ
809 621 885 664 νῦν
904 618 992 677 χρὴ
1015 617 1217 663 Λυκίοισι
1237 617 1349 675 μετὰ
1368 618 1614 675 πρώτοισιν
1635 617 1787 664 ἐόντας

724 691 929 749 ε’στάμεν,
951 690 1030 749 ἠδὲ
1049 691 1194 750 μάχης
1214 693 1474 750 καυστειρῆς
1490 691 1801 750 ἀντιβολῆσαι·

728 765 850 825 ὄφρα
870 784 936 812 τις
957 765 1030 810 ὧδ’
1055 763 1153 822 ε’ίπῃ
1178 765 1347 810 Λυκίων
1366 764 1483 810 πύκα
1503 765 1781 825 θωρηκτάων·

722 840 774 884 οὔ
795 840 881 898 μὰν
901 840 1078 898 ἀκληεῖς
1099 839 1270 885 Λυκίων
1284 840 1699 900 κατακοιρανέουσιν

721 914 924 974 ἡμέτεροι
944 916 1178 973 βασιλῆες,
1203 913 1359 960 ἔδουσί
1377 934 1426 960 τε
1447 916 1579 961 πίονα
1599 918 1734 974 μῆλα,

721 981 839 1034 οἶνόν
854 987 892 1034 τ’
913 988 1103 1045 ἔξαιτον,
1124 988 1348 1047 μελιηδέα·
1381 988 1483 1034 ἀλλ’
1504 989 1590 1050 ἄρα
1612 990 1681 1034 καὶ
1701 988 1742 1037 ἲς

718 1063 878 1121 ε’σθλὴ,
901 1063 996 1109 ἐπεὶ
1018 1063 1221 1109 Λυκίοισι
1241 1063 1352 1122 μετὰ
1373 1066 1591 1124 πρώτοισι
1610 1065 1842 1124 μάχονται.

717 1138 754 1183 Ζ)
771 1139 929 1192 πέπον,
952 1138 991 1182 εἷ
1010 1139 1094 1196 μὲν
1110 1139 1200 1198 γὰρ
1213 1141 1416 1198 πόλεμον
1430 1139 1532 1198 περὶ
1549 1139 1675 1184 τόνδε
1697 1140 1935 1199 φυγόντες,

671 1260 674 1263 ⁴
717 1213 800 1258 αἷεὶ
820 1213 901 1271 μὲν
920 1212 1165 1272 μέλλοιμεν
1184 1212 1335 1274 ἀγήρω
1357 1212 1394 1258 τ’
1416 1213 1616 1259 ἀθανάτω
1638 1232 1687 1259 τε

719 1286 931 1341 ἔσσεσθ’,
953 1289 1055 1333 οὔτε
1077 1305 1150 1333 κεν
1170 1288 1301 1334 αὐτὸς
1322 1287 1385 1333 ε’νὶ
1405 1290 1624 1348 πρώτοισι
1644 1287 1880 1348 μαχοίμην,

716 1365 818 1408 οὔτε
839 1381 886 1407 κε
908 1362 963 1408 σὲ
985 1362 1224 1421 στέλλοιμι
1244 1363 1391 1422 μάχην
1411 1362 1456 1410 ἐς
1477 1363 1763 1422 κυδιάνειραν·

719 1439 798 1482 νῦν
817 1435 1059 1495 δ’·-ἕμπης
1078 1437 1165 1496 γὰρ
1187 1439 1313 1496 κῆρες
1334 1437 1583 1497 ἐφεστᾶσιν
1603 1437 1807 1482 θανάτοιο

714 1510 882 1569 μυρίαι,
904 1508 958 1557 ἃς
979 1510 1057 1554 οὒκ
1079 1511 1178 1556 ἔστι
1200 1512 1362 1571 φυγεῖν
1381 1512 1562 1570 βροτὸν,
1586 1509 1676 1556 οὐδ’
1698 1508 1981 1567 ὑπαλύξαι-

714 1584 851 1644 ἴομεν·
886 1583 939 1643 ἦέ
957 1604 1018 1648 τῳ
1040 1584 1171 1644 εὖχος
1191 1585 1416 1645 ὀρέξομεν,
1439 1583 1491 1642 ἦέ
1511 1604 1576 1632 τις
1595 1583 1711 1643 ἡμῖν.

497 1713 783 1773 Diximus
815 1715 891 1773 de
918 1715 1010 1786 iis,
1044 1734 1177 1791 quae
1207 1714 1498 1791 cupidum
1524 1712 1836 1772 declarant
1867 1698 2217 1792 pugnandi:

407 1830 570 1869 nunc-
617 1812 692 1870 de
746 1812 836 1881 iis,
883 1832 1022 1888 quae
1066 1813 1335 1890 peritum
1381 1820 1663 1891 arguunt,
1709 1831 1903 1889 pauca
1940 1812 2215 1888 quaedam
2281 1826 2283 1829 ·

407 1909 620 1969 afferre
680 1910 896 1972 liceat:
973 1932 1096 1970 non
1155 1932 1276 1990 quo
1347 1913 1621 1991 ignorem
1681 1911 1944 1990 plurima
2002 1916 2215 1969 extare

404 2011 717 2088 ejusmodi,
772 2032 905 2090 quae
959 2013 1061 2070 vix
1109 2020 1172 2071 et
1224 2033 1303 2070 ne
1356 2012 1460 2070 vix
1514 2012 1762 2090 quidem
1807 2012 1941 2089 capi
1981 2011 2214 2089 possint

403 2111 480 2170 ab
528 2111 626 2170 his
674 2112 777 2189 qui
836 2133 999 2171 nune
1058 2119 1201 2171 sunt
1253 2112 1618 2181 hominibus,
1671 2119 1911 2170 mutata
1968 2101 2220 2189 penitus>

403 2202 550 2270 belli
621 2213 872 2291 gerendi
947 2213 1212 2271 ratione:
1289 2213 1629 2290 praesertim
1704 2213 1752 2270 si
1827 2212 2066 2289 quibus,
2140 2219 2212 2270 ut

401 2319 675 2370 nostrum
715 2312 1038 2390 plerisque,
1071 2314 1196 2371 vita
1235 2314 1493 2391 degatur
1535 2312 1876 2372 umbratilis
1921 2319 1985 2370 et
2030 2311 2210 2389 plane

403 2412 614 2471 otiosa.
705 2411 829 2472 Sed
859 2420 1069 2471 tamen
1111 2433 1234 2472 non
1275 2420 1405 2472 erat
1452 2413 1829 2471 omittendus
1861 2412 1966 2470 ille
2002 2411 2206 2471 Iocus:

401 2511 463 2570 id
494 2514 676 2573 modo
712 2514 901 2592 probe
931 2515 1192 2573 teneatis
1224 2514 1426 2584 velim,
1457 2513 1656 2572 multo
1697 2513 1873 2591 plura
1911 2513 1972 2570 id
2013 2531 2209 2592 genus

397 2604 606 2683 latere,
638 2633 819 2691 quam
858 2633 992 2692 quae
1035 2633 1072 2672 a
1109 2614 1475 2673 doctissimis
1518 2614 1746 2672 nedum
1792 2632 1828 2670 a
1872 2612 2045 2671 nobis
2089 2611 2207 2672 hoo

399 2719 677 2790 tempore
706 2714 943 2791 possint
967 2714 1123 2772 verui.

486 2811 699 2871 Unum
722 2812 1108 2890 alterumque
1131 2813 1327 2890 primo
1351 2812 1743 2890 proferamUS‚
1765 2831 1902 2889 quae
1927 2830 2067 2870 oum
2090 2803 2217 2874 usu

395 2912 482 2970 rei
534 2911 812 2972 militaris
863 2913 1177 2992 egregium
1225 2911 1470 2989 aliquod
1519 2912 1891 2991 conjungant
1941 2911 2204 2970 Poeseos

397 3009 625 3068 lumen.
718 3009 866 3069 Non
907 3011 1280 3089 splendidior
1309 3018 1420 3079 est,
1453 3031 1636 3089 quam
1668 3012 1880 3080 verior,
1914 3008 2203 3069 Hectoris

394 3109 595 3188 imago
624 3116 857 3169 turmas
887 3129 1133 3182 suorum
1166 3106 1511 3169 obeuntisi:

696 3253 789 3302 οἷος
810 3254 848 3300 δ’
871 3254 920 3300 ἐκ
940 3254 1112 3315 νεφέων
1130 3253 1416 3314 ἀναφαίνεται
1438 3255 1588 3300 οὔλιος
1609 3251 1769 3310 ἀστὴρ,

696 3330 977 3389 παμφαίνων,
997 3331 1098 3374 τότε
1121 3327 1157 3373 δ’
1180 3326 1302 3374 αὖτις
1322 3328 1398 3372 ἕδυ
1419 3326 1557 3386 νέφεα
1575 3327 1793 3371 σκιόεντα·

697 3404 755 3450 ὣς
767 3401 944 3463 ’Ἕκτωρ
967 3402 1040 3448 ὁτὲ
1061 3402 1143 3462 μέν
1162 3421 1210 3447 τε
1229 3400 1340 3460 μετὰ
1359 3402 1577 3459 πρώτοισι
1598 3400 1837 3458 φάνεσκεν,

698 3476 862 3522 ἄλλοτε
885 3477 922 3522 δ’
946 3477 992 3523 ἐν
1011 3477 1268 3534 πυμάτοισι,
1292 3473 1493 3519 κελεύων·
1526 3475 1611 3520 πᾶς
1632 3472 1669 3517 δ’
1693 3472 1777 3531 ἄρα
1797 3471 1952 3531 χαλκῷ

694 3550 855 3611 λάμφ’,
879 3552 997 3597 ὥστε
1019 3550 1216 3611 στεροπὴ
1238 3551 1405 3608 πατρὸς
1428 3549 1532 3595 Διὸς
1553 3548 1787 3607 αἰγιόχοιο.

1150 3708 1163 3739 i
1197 3708 1251 3754 Il.
1274 3708 1335 3753 xi.
1360 3707 1433 3753 62.
