2320 4126
257 228 414 291 PRAEL.
435 257 546 290 mx,
697 232 779 290 De
803 237 1070 306 Auspiciis
1093 238 1238 306 apud
1260 238 1579 307 AEsokylum.
1902 242 2012 296 339

257 386 321 436 et
362 378 742 452 tranquillare
791 380 1055 435 animum
1105 398 1210 454 pro
1257 387 1527 453 tempore
1565 380 1895 448 videantur,
1947 389 2009 437 et

257 474 503 532 obscure
533 474 712 532 dubia
740 474 1072 551 significent
1099 470 1375 550 pericula.-

340 567 539 626 Venio
584 588 743 626 nunc
792 570 868 626 ad
911 569 1092 627 Chori
1136 567 1399 648 πάροδον,
1445 570 1613 644 cujus
1659 566 1708 627 is
1751 566 2012 626 maxime

256 669 347 720 est
404 670 592 731 tenor,
663 671 733 720 ut
783 683 903 720 non
958 665 1136 722 modo
1193 664 1351 722 mala
1413 666 1723 722 imminere
1780 666 2012 732 doceat,

256 775 461 814 verum
490 758 671 815 etiam
706 777 777 815 ea
810 758 981 825 mala,
1013 776 1147 834 quae
1183 779 1376 834 poenae
1405 761 1696 817 rationem
1731 760 2009 817 habeant.

258 845 520 920 Poenam,
564 855 821 928 inquam,
867 855 1050 912 tacite
1097 854 1358 912 minatur
1397 856 1653 912 narratio
1693 856 1821 922 ista,
1865 875 2014 912 non-

255 950 478 1005 nemini
508 950 660 1007 forte
684 943 1064 1027 longiuscula,
1090 952 1163 1007 de
1193 951 1466 1025 auspiciis
1495 949 1721 1007 Aulide
1749 952 2012 1018 servatiS,

254 1044 378 1118 pari
401 1044 677 1101 videlicet
705 1044 1034 1119 aquilarum
1064 1046 1438 1102 saevientium
1469 1045 1530 1101 in
1554 1053 1733 1120 caput
1763 1045 2009 1103 misellae

255 1133 485 1215 leporis,
515 1159 692 1214 quam
724 1159 861 1197 cum
891 1142 1017 1216 ipso
1047 1141 1198 1198 foetu
1228 1141 1588 1198 devorabant
1607 1151 1651 1198 8.

489 1246 647 1307 πέμπει
668 1250 745 1306 ξὺν
765 1244 860 1309 δορὶ
881 1252 949 1295 καὶ
969 1252 1069 1309 χερὶ
1088 1251 1297 1310 πράκτορι

490 1320 663 1380 θούριος
681 1321 797 1381 ὅρνις
816 1322 1007 1380 Τευκρίδ’
1031 1321 1094 1367 ἐπ’
1117 1321 1213 1367 αἶαν

490 1393 649 1438 οἰωνῶν
667 1394 880 1447 βασιλεὺς
898 1396 1137 1448 βασιλεῦσι
1157 1407 1230 1438 νε-

489 1469 590 1517 -ὥν,
613 1468 636 1509 ὁ
657 1467 863 1531 κελαινὸς,
885 1468 910 1509 ὁ
930 1464 966 1510 τ’
990 1465 1137 1521 ἕξοπιν
1156 1464 1306 1524 ἆρ’γᾶς,

490 1536 697 1593 φανέντες
715 1536 838 1595 ἵκταρ
858 1537 1096 1594 μελάθρων,
1117 1538 1248 1594 χερὸς
1269 1537 1314 1581 ἐκ
1335 1537 1625 1595 δορυπὰλτου,

490 1608 788 1666 παμπρέπτοις
808 1609 854 1653 ἐν
873 1608 1082 1666 ἕδραισιν,

490 1679 752 1737 βοσκομένοι
773 1678 968 1737 λαγίναν,
991 1679 1222 1737 ε’ρικύματα
1242 1679 1459 1738 φέρματα,
1482 1679 1647 1738 γένναν,

489 1751 713 1804 βλαβέντα
730 1751 941 1796 λοισθίων
960 1751 1144 1809 δρόμων.

259 1845 355 1910 Ex
414 1866 531 1928 quo
587 1845 956 1929 intelligitur,
1003 1846 1191 1928 Trojae
1243 1850 1482 1927 quidem
1543 1845 1853 1909 imminere
1911 1865 2015 1911 exa

257 1948 495 2015 cidium,
537 1949 640 2005 sed
675 1962 890 2024 magno
935 1968 1072 2005 cum
1108 1948 1371 2023 periculo
1410 1949 1702 2004 victorum
1748 1949 1823 2005 ab
1866 1949 2017 2005 irata

259 2043 453 2100 Diana
476 2062 491 2111 ;
537 2044 703 2118 cujus
731 2051 928 2100 tamen
962 2044 1066 2100 irae
1088 2044 1253 2101 nulla
1282 2063 1517 2119 prorsus
1547 2044 1815 2100 redditur
1843 2044 2012 2100 ratio.

259 2137 492 2196 Verum
525 2132 606 2206 id,
637 2140 828 2205 crede,
864 2139 974 2196 sibi
1005 2140 1134 2195 vult
1165 2158 1359 2206 omen,
1393 2146 1459 2195 ut
1495 2140 1683 2196 sciant
1714 2139 2014 2205 mortaleS,

258 2233 423 2289 nullo
467 2234 646 2290 modo
684 2235 917 2309 placere
954 2253 1125 2310 posse
1165 2235 1423 2310 benigno
1473 2233 1744 2302 Numini,
1790 2235 2012 2291 nedum

260 2328 472 2386 Dianae
507 2330 802 2406 sylvarum
848 2331 1100 2406 praesidi,
1147 2350 1384 2387 causam
1425 2350 1574 2398 eam,
1615 2350 1750 2405 quae
1795 2328 2014 2387 habeat

258 2425 495 2481 initium
525 2426 783 2483 immane
812 2426 961 2483 adeo
992 2432 1055 2482 et
1084 2433 1257 2482 atrox
1286 2426 1348 2481 in
1376 2444 1564 2501 genus
1595 2422 1928 2482 ferarumh:

493 2540 628 2582 τόσον
646 2556 729 2595 περ
749 2540 922 2595 εὔφρων
941 2538 968 2581 ἆ
989 2539 1101 2582 κάλα

494 2610 723 2667 δρόσοισιν
742 2609 942 2654 ἀέπτοισι
962 2612 1162 2666 μαλερῶν
1181 2611 1384 2661 λεόντων,

494 2682 664 2724 πάντων
683 2678 720 2724 τ’
741 2681 992 2739 ἀγρονόμων
1012 2681 1306 2739 φιλομάστοις

495 2749 637 2805 θηρῶν
655 2749 970 2807 ὀβρικάλοισιν.

345 2849 543 2919 Quare
588 2848 781 2926 tangit
832 2851 946 2907 hoc
992 2851 1123 2907 loco
1171 2851 1363 2908 Poeta
1408 2861 1533 2907 rem
1584 2850 1741 2908 inter
1798 2869 2014 2926 paucas

261 2945 682 3020 gravissimam,
755 2952 817 3001 et
874 2952 1006 3001 tum
1065 2951 1454 3002 sacrosanctae
1512 2944 1810 3020 religionis
1882 2952 2014 3001 tum

263 3039 564 3095 tenerrimi
608 3039 852 3098 affectus
891 3040 1326 3115 plenissimam:
1373 3040 1705 3106 consentire
1740 3040 2014 3096 videlicet

263 3132 596 3190 mirandum
642 3136 702 3190 in
745 3138 989 3193 modum
1026 3155 1162 3193 cum
1200 3136 1331 3193 Diis
1374 3135 1829 3208 hominibusque
1863 3136 2015 3192 feras

265 3227 445 3283 etiam
483 3235 544 3284 et
579 3229 861 3297 volucres,
907 3239 970 3288 et
1009 3238 1220 3288 caetera
1261 3232 1489 3286 ratione
1527 3231 1821 3297 carentia3
1866 3232 2015 3287 adeo

266 3328 336 3377 ut
379 3322 479 3378 vix
528 3323 653 3380 fieri
696 3326 899 3399 possit,
945 3327 1089 3400 quin
1132 3342 1337 3381 eorum
1378 3340 1541 3391 voce,
1585 3332 1775 3399 gestU,
1825 3333 2011 3392 mom,

266 3418 391 3473 sive
439 3419 500 3474 in
558 3419 748 3475 altum
815 3421 1117 3486 tollantur,
1177 3439 1276 3477 seu
1348 3420 1699 3493 dejiciantur
1763 3426 1825 3475 et
1891 3420 2014 3476 lan-

532 3557 556 3587 Ε
587 3551 698 3595 Ibid.
727 3566 823 3596 110.
1456 3552 1481 3582 ¹¹
1512 3552 1623 3595 Ibid.
1651 3565 1747 3608 137.

1067 3630 1101 3668 z
1134 3619 1170 3669 2
