2320 4126
350 232 423 288 92
796 231 1044 283 Homeris
1067 230 1146 283 ita
1181 230 1437 300 Trojanos
1462 229 1702 294 celebrat,
1871 249 2034 284 PRAEL.
2057 250 2154 283 v11;

351 374 634 452 praeclara
663 374 849 432 tribui
881 381 1215 442 cernerent,
1248 381 1311 431 et
1342 374 1534 450 ipsam
1565 394 1686 430 non
1719 376 1847 432 sine
1878 378 2154 453 potentia

353 476 611 551 quadam
679 472 867 541 fatali,
928 479 1221 549 tantaque
1288 471 1451 530 mole
1515 473 1852 531 divinarum
1914 496 2154 552 quoque

353 573 590 641 virium,
643 572 892 630 tandem
945 572 1214 648 potuisse
1266 571 1507 647 Trojam
1562 573 1772 630 everti.
1882 573 2155 632 Mirabili

351 671 531 749 plane
574 671 818 729 solertia
854 671 1019 738 fecit,
1051 677 1121 726 ut
1163 689 1401 746 semper
1446 677 1634 728 staret
1679 691 1714 729 a
1755 691 1935 730 causa
1965 671 2156 731 Achi-

353 790 565 828 vorum
611 789 873 836 suorum,
914 788 1112 844 neque
1152 767 1277 826 ulla
1317 775 1524 827 tamen
1571 789 1647 826 ex
1685 776 1857 846 parte
1905 790 2155 847 parcum

353 890 417 928 se
469 877 780 947 praestaret
833 876 896 926 et
955 869 1406 944 infrequentem
1459 869 1523 926 in
1575 869 1877 928 laudanda
1929 872 2155 929 virtute

354 969 657 1027 hostium:
704 969 766 1025 id
798 968 960 1045 quod
992 968 1238 1046 ingenio
1282 987 1422 1025 vere
1461 968 1705 1026 heroico
1745 971 1976 1045 optime
2017 990 2160 1027 con-

352 1069 556 1125 venire
586 1087 767 1125 nemo
797 1068 1126 1145 negaverit.
1219 1066 1391 1124 Nota
1422 1074 1563 1124 sunt
1595 1068 1876 1126 omnibus
1907 1070 2158 1127 exordia

352 1169 532 1244 primi
563 1167 793 1245 proelii:

849 1298 858 1308 .
896 1299 905 1308 .
940 1263 1243 1322 ἐπασσύτεραι
1267 1268 1447 1309 Δαναῶν
1469 1264 1639 1309 κίνυντο
1661 1264 1897 1324 φάλαγγες·

595 1337 824 1396 νωλεμέως
842 1338 1091 1395 πολεμόνδε
1130 1337 1303 1397 (κέλευε
1326 1337 1374 1382 δὲ
1396 1335 1514 1383 οἷσιν
1536 1338 1722 1384 ἕκαστος

594 1411 831 1472 ἡγεμόνων·
867 1413 909 1456 οἶ
931 1410 968 1456 δ’
992 1411 1125 1457 ἄλλοι
1147 1412 1253 1469 ἀκὴν
1272 1410 1392 1466 ἴσαν,
1415 1412 1520 1457 οὐδέ
1540 1431 1588 1456 κε
1611 1413 1749 1471 φαίης

593 1487 768 1531 τόσσον
783 1487 894 1532 λαὸν
915 1485 1117 1539 ἕπεσθαι,
1140 1486 1283 1545 ἔχοντ’
1307 1487 1353 1532 ἐν
1374 1485 1590 1543 στήθεσιν
1610 1486 1780 1545 αὕδην)·

596 1564 701 1619 σιγῇ
727 1561 935 1608 δειδιότες
956 1560 1247 1619 σημάντορας·
1295 1595 1695 1605 ......

676 1668 685 1678 .
750 1637 910 1693 Τρώων
932 1634 967 1678 δ’
992 1635 1214 1692 ἀλαλητὸς
1235 1634 1316 1679 ἀνὰ
1338 1636 1532 1693 στρατὸν
1554 1634 1684 1693 εὐρὺν
1705 1634 1878 1692 ὀρώρει·

596 1708 648 1751 οὐ
670 1708 756 1767 γὰρ
777 1710 951 1753 πάντων
972 1707 1046 1765 ἦεν
1068 1709 1174 1766 ὁμὸς
1196 1707 1342 1765 θρόος,
1366 1706 1457 1751 οὐδ’
1479 1706 1526 1751 ’ία
1546 1709 1697 1766 γῆρυς,

594 1781 715 1825 ἀλλὰ
735 1783 930 1840 γλῶσσα
950 1781 1148 1839 μέμικτο,
1169 1779 1441 1837 πολύκλητοι
1464 1779 1502 1825 δ’
1527 1781 1637 1825 ἕσαν
1657 1780 1827 1839 ἄνδρες.

595 1851 715 1917 ᾧρσε
737 1856 785 1900 δὲ
808 1856 909 1902 τοὺς
929 1856 1009 1913 μὲν
1018 1853 1176 1914 ”Αρης,
1199 1855 1300 1902 τοὺς
1321 1855 1368 1899 δὲ
1389 1857 1644 1914 γλαυκῶπις
1663 1853 1825 1911 Ἀθήνη
1840 1861 1871 1898 ⁸.

356 1962 455 2020 Ita
502 1963 622 2020 suis
670 1964 895 2039 primas
938 1963 1171 2031 tribuit,
1221 1970 1292 2020 ut
1341 1982 1463 2019 non
1514 1969 1639 2020 tam
1686 1962 1931 2030 virtute,
1978 1980 2170 2038 quam·

355 2062 512 2119 forte
544 2063 823 2138 quadam,
855 2063 1166 2120 inferiores
1197 2063 1456 2119 evasisse
1488 2061 1652 2119 dicat
1682 2061 1987 2138 Trojanos.

444 2160 627 2230 Quid,
660 2163 842 2238 quod,
876 2161 1008 2219 Diis
1049 2161 1518 2230 discedentibUS‚
1562 2160 1880 2219 victoriam
1925 2180 2164 2238 semper

357 2261 776 2338 adipiscuntur
806 2260 1066 2338 Argivi?

600 2388 759 2444 Τρώων
777 2385 812 2430 δ’
837 2385 969 2442 οἰώθη
992 2385 1063 2429 καὶ
1082 2383 1276 2444 Ἀχαιῶν
1296 2384 1493 2445 φύλοπις
1515 2383 1610 2442 α’ίνη
1647 2419 1656 2429 .
1695 2418 1704 2428 .
1742 2418 1752 2429 .

602 2460 707 2505 ἔνθα
724 2478 795 2505 κεν
817 2458 919 2504 αὖτε
941 2464 1085 2518 Τρῶες
1103 2458 1380 2518 Ἀρηιφίλων
1401 2459 1471 2504 ὑπ’
1493 2459 1687 2518 Ἀχαιῶν

590 2532 735 2578 Ἴλιον
757 2532 1068 2589 εἰσανέβησαν,
1092 2531 1348 2589 ἀναλκείῃσι
1372 2533 1579 2591 δάμεντες·
1591 2531 1625 2585 b,

358 2643 441 2711 ni,
477 2640 699 2699 Heleni
746 2638 1012 2708 consilio,
1056 2639 1273 2696 abierit
1321 2637 1577 2707 Hector,
1618 2639 1775 2696 votis
1819 2637 2164 2697 Minervam

358 2742 723 2819 placaturus.
815 2739 1070 2796 Postero
1113 2739 1210 2796 die
1251 2737 1599 2806 DiomedeS,
1631 2737 1802 2795 nullo
1844 2740 2166 2796 numinum

360 2840 604 2909 auxilio,
637 2839 798 2898 solus
827 2838 1158 2896 renovabat
1189 2837 1548 2895 inclinatum
1582 2836 1898 2914 proelium:

603 2964 708 3008 ἕνθά
729 2983 775 3008 κε
796 2966 951 3023 λοιγὸς
972 2965 1046 3021 ἕην
1068 2964 1138 3007 καὶ
1159 2962 1362 3022 ἀμήχανα
1383 2964 1492 3022 ἔργα
1512 2962 1708 3022 γένοντο,

605 3039 675 3082 καὶ
697 3038 746 3083 νύ
769 3057 815 3082 κε
838 3037 1066 3094 σήκασθεν
1087 3038 1195 3082 κατὰ
1205 3035 1366 3089 Ἴλιον,
1390 3035 1495 3093 ἠΰτε
1517 3036 1660 3096 ἄρνες,

605 3113 643 3156 εἰ
664 3112 722 3170 μὴ
745 3111 812 3171 ἄρ’
837 3111 918 3168 ὀξὺ
940 3114 1074 3169 νόησε
1096 3111 1250 3170 Πατὴρ
1274 3110 1445 3170 ἀνδρῶν
1465 3130 1513 3155 τε
1537 3110 1647 3155 θεῶν
1668 3129 1716 3155 τε
1731 3118 1762 3155 ⁶.

452 3239 657 3307 Porro,
690 3238 910 3315 quibus
941 3238 1004 3294 in
1034 3236 1183 3294 locis
1223 3236 1524 3313 praecipue
1561 3236 1932 3294 commoveri
1977 3236 2174 3294 solent

364 3339 663 3396 lectorum
723 3337 926 3405 animi,
993 3343 1063 3393 ut
1134 3335 1405 3412 Trojanis
1470 3336 1627 3393 bene
1697 3343 2042 3411 precentur,
2103 3336 2175 3393 iis

365 3440 509 3518 ipsis
547 3438 759 3507 Poeta,
799 3437 962 3494 haud
1006 3444 1254 3502 temere,
1298 3435 1495 3504 cred0‚
1539 3435 1748 3511 injecit
1796 3436 2174 3493 mentionem

369 3536 601 3594 Paridis
642 3543 825 3612 atque
859 3534 1133 3593 Helenae.
1226 3533 1657 3592 Dulcissimam
1694 3533 1977 3590 videlicet
2006 3531 2174 3589 illam

487 3664 505 3685 ²
542 3659 597 3703 11.
619 3661 680 3704 iv.
703 3671 808 3718 427.
1156 3658 1175 3685 b
1206 3660 1268 3705 vi.
1296 3674 1336 3711 1,
1362 3670 1433 3718 73.
1783 3665 1798 3683 ⁰
1830 3657 1922 3702 viii.
1952 3670 2051 3715 130.
