2320 4126
347 207 461 259 304
499 207 584 261 De
611 208 686 261 X
679 226 794 261 eram
803 208 1061 280 fuyitiva
1126 210 1209 262 De
1233 211 1525 266 nominibus
1551 212 1804 269 barbaris.
1845 235 2005 269 Pam„
2026 236 2157 269 xvn.

718 346 850 405 χθου,
872 347 1181 405 κροκόβαπτον
1200 347 1340 394 ποδὸς
1359 350 1430 392 εὕ-

715 436 849 476 μαριν
869 417 1041 477 ἀείρων,
1063 419 1269 472 βασιλεί-

717 508 771 535 ου
793 491 945 549 τιάρας
966 492 1174 550 φάλαρον
1193 491 1477 551 πιφαύσκων.

441 612 606 682 Quid
665 616 825 690 quod
889 616 951 672 in
1013 615 1213 674 lucem
1274 636 1517 694 quoque
1586 619 1946 678 redeuntem
2016 640 2158 678 cum

351 711 586 769 solenni
639 708 961 770 formidine
1015 714 1345 791 excipiunt,
1395 734 1597 773 coram
1658 735 1731 773 eo
1781 717 1875 774 vel
1936 719 2157 794 profari

350 807 778 870 metuentesh?

836 948 1031 1005 σέβομαι
1051 949 1132 1007 μὲν
1151 946 1468 1009 προσίδεσθαι,

836 1021 1028 1080 σέβομαι
1050 1022 1088 1067 δ’
1110 1022 1237 1068 ἀντία
1257 1023 1405 1082 λέξαι,

836 1095 971 1140 σέθεν
990 1096 1167 1157 ἀρχαίῳ
1188 1097 1292 1156 περὶ
1313 1098 1485 1155 τάρβει.

438 1214 542 1275 Ne
572 1217 793 1279 multa:
842 1220 1013 1279 Darii
1038 1221 1134 1279 vel
1165 1222 1351 1281 solius
1381 1229 1584 1299 partes
1608 1222 1876 1299 quisquis
1906 1223 2060 1281 serio
2088 1243 2158 1282 ac

347 1315 560 1374 sedulo
598 1318 898 1394 inspiciet,
943 1321 1197 1380 minime
1241 1321 1328 1379 ita
1372 1328 1783 1397 comparatam
1829 1339 1958 1379 esse
2002 1321 2157 1380 hanc

297 1480 300 1483 ,
348 1412 617 1473 fabulam
647 1416 971 1492 judicabit,
1018 1425 1090 1476 ut
1137 1418 1201 1476 in
1250 1438 1322 1477 ea
1361 1419 1621 1478 victores
1668 1420 1919 1496 impune
1964 1420 2158 1478 victos

347 1511 658 1572 irrideant.
751 1514 843 1574 Ut
885 1517 960 1575 de
998 1515 1246 1575 Atossae
1291 1517 1391 1594 pia
1420 1517 1864 1594 tranquillitate
1901 1524 2155 1586 taceam,

347 1630 468 1686 qua
524 1621 691 1671 certe
748 1614 900 1672 nihil
960 1616 1253 1674 remotius
1309 1616 1388 1673 ab
1441 1616 1559 1674 ista
1615 1616 1958 1693 arrogantia
2010 1616 2155 1693 fingi

345 1715 567 1785 potest.

432 1808 614 1878 Quod
673 1816 882 1868 autem
941 1812 1132 1881 aiunt,
1199 1810 1478 1870 Xerxem
1537 1811 1884 1890 fugitivum,
1944 1810 2155 1870 laceris

345 1907 575 1981 pannis,
608 1928 812 1966 coram
853 1909 993 1968 duci
1029 1910 1421 1969 contumeliae
1465 1930 1627 1988 erg0,
1666 1908 1939 1967 oblivisci
1977 1909 2155 1985 plane

346 2004 633 2063 videntur
699 2014 975 2064 veterum
1050 2009 1222 2079 ritus,
1295 2008 1636 2085 praesertim
1711 2005 2153 2077 Orientalium3

345 2104 506 2179 apud
551 2123 720 2180 quOS,
773 2113 844 2163 ut
883 2125 1069 2164 sacrae
1111 2126 1352 2183 quoque
1393 2107 1622 2165 Literae
1667 2112 1986 2174 testantur,
2032 2115 2154 2163 ‘non

345 2207 473 2259 tam
522 2210 773 2261 mutatae
831 2223 1014 2281 quam
1066 2206 1261 2263 scissae
1314 2213 1512 2264 vestes
1564 2204 1876 2263 solennem
1925 2204 2154 2263 habent

345 2298 710 2359 calamitatis
739 2301 1264 2379 significationem.

433 2396 664 2457 Rursus
713 2400 1025 2476 objiciunt,
1079 2420 1294 2479 regum
1343 2402 1689 2476 ducumque
1738 2399 1984 2456 nomina
2028 2419 2151 2457 non

345 2515 467 2553 uno
497 2496 561 2556 in
593 2496 728 2555 loco
759 2497 921 2556 aliud
954 2498 1074 2557 alio
1107 2498 1424 2569 cumulari,
1458 2498 1725 2556 barbaris
1762 2498 1923 2555 sonis
1964 2505 2150 2574 atque

343 2595 587 2671 asperis,
645 2615 723 2654 ne
783 2597 941 2655 desit
1000 2598 1164 2674 quod
1225 2597 1449 2655 infimis
1508 2595 1808 2655 subselliis
1867 2595 2011 2653 ludo
2071 2597 2150 2654 sit

341 2700 529 2771 atque
547 2695 709 2772 joco·
799 2695 1039 2756 Verum
1069 2696 1359 2755 credibile
1391 2703 1500 2765 est,
1534 2696 1717 2754 fuisse
1749 2714 1821 2752 ea
1861 2714 2150 2772 germana

342 2793 639 2851 nobilium
687 2793 1009 2853 Persarum
1060 2795 1325 2864 nomina,
1370 2793 1673 2871 AEschyIO,
1719 2793 1770 2851 si
1815 2793 1913 2851 cui
1952 2791 2143 2850 Athe-

341 2891 660 2960 niensium,
710 2892 866 2950 bene
912 2913 983 2951 ac
1036 2893 1413 2966 familiariter
1470 2899 1649 2950 nota:
1720 2891 1939 2967 quibus
1995 2891 2147 2948 adeo

341 3006 523 3046 scena
569 2989 699 3066 ejus
752 2989 1032 3048 debuerit
1080 2991 1294 3059 ornari,
1334 2992 1476 3068 jure
1527 2990 1998 3066 haudquaquam
2043 2989 2147 3046 de-

342 3086 563 3145 teriore
607 3093 791 3164 atque
832 3087 897 3144 in
933 3086 1192 3145 Homeri
1239 3087 1535 3165 Catalogo
1580 3092 1973 3144 recensentur
2001 3085 2146 3153 Tne-

328 3183 461 3260 jani
520 3185 746 3262 pariter
804 3191 870 3243 et
929 3184 1116 3243 Graii.
1208 3184 1547 3242 Exordium
1609 3184 1762 3242 illud
1823 3183 2144 3241 Persarum

339 3281 672 3341 Homerica
699 3283 949 3360 quidem
994 3282 1300 3361 elegantia
1343 3290 1525 3351 caret,
1569 3301 1691 3339 non
1737 3280 1897 3339 male
1937 3287 2145 3338 tamen

337 3389 688 3457 comparata
717 3400 848 3440 esse
879 3381 1122 3439 videtur
1150 3381 1227 3439 ad
1257 3379 1679 3439 illustrandam
1711 3378 1939 3437 Xerxis
1975 3397 2145 3455 mag-

336 3478 728 3550 nificentiam,
760 3481 932 3558 cujus
963 3479 1143 3539 simul
1175 3480 1239 3538 in
1269 3499 1391 3537 uno
1429 3479 1704 3538 exercitu
1745 3476 2142 3536 militaverint

1078 3615 1103 3646 h
1138 3616 1263 3660 Pers.
1291 3626 1394 3674 700,
