2320 4126
299 283 556 318 PRAEL.XX.
608 263 806 333 Sparyi
828 262 916 314 sub
940 262 1088 314 initio
1114 263 1505 330 Ayamemnonis
1530 263 1669 314 meda
1693 262 1859 316 verba.
1942 263 2048 316 363

648 405 793 449 ἔθεντο
814 406 1056 462 φιλόμαχοι
1076 405 1270 461 βραβεῖς.

650 476 823 533 φράσεν
843 474 878 519 τ’
902 475 1045 529 ἀόζοις
1063 475 1203 532 πατὴρ
1224 474 1313 532 μετ’
1337 475 1468 533 εὐχὰν

647 548 768 591 δικὰν
787 547 989 605 χιμαίρας
1009 546 1168 604 ὕπερθε
1187 550 1339 604 βωμοῦ

706 619 916 664 πέπλοισι
936 622 1142 677 περιπετῆ
1162 654 1170 663 .
1190 655 1199 664 .
1218 654 1227 663 .
1242 621 1410 673 λαβεῖν.

299 716 611 773 Accedunt
643 726 728 780 ea,
760 735 889 790 quae
930 715 1035 772 soli
1075 716 1287 773 natalis
1327 736 1394 774 ac
1427 735 1643 773 securae
1675 717 1882 772 domus
1926 735 2050 771 me-

294 813 537 869 moriam
571 812 912 868 suavissime
954 818 1267 868 revocant:

645 930 798 984 ἕβαλλ’
821 932 1005 975 ἑκάστον
1026 931 1220 990 θυτήρων

643 1003 714 1047 ἀπ’
737 1002 925 1060 ὄμματος
943 1003 1070 1054 βέλει
1091 1005 1303 1066 φιλοίκτῳ
1318 1040 1326 1050 .
1346 1041 1355 1049 .

649 1110 658 1118 .
677 1111 686 1120 .
709 1108 717 1113 -
737 1111 746 1120 .
768 1110 777 1120 .
796 1111 805 1121 .
822 1077 914 1120 ἕπει
934 1078 1147 1123 πολλάκις

641 1149 802 1206 πατρὸς
823 1148 911 1192 κατ’
934 1149 1150 1207 ἀνδρῶνας
1171 1150 1454 1207 εὐτραπέζους

642 1221 851 1278 ἔμελψεν,
874 1220 981 1279 ἁγνᾷ
1009 1221 1045 1265 δ’
1067 1221 1312 1280 ἀταύρωτος
1332 1223 1438 1280 αὐδᾷ
1458 1225 1620 1282 πατρὸς

642 1293 779 1349 φίλου
799 1294 1113 1350 τριτόσπονδον
1134 1297 1348 1351 εὔποτμον
1367 1294 1403 1338 τ’

702 1365 833 1409 αἰῶνα
853 1364 999 1423 φίλως
1020 1366 1156 1423 ἐτίμα.

374 1472 577 1530 Unum
623 1474 854 1541 addam,
886 1476 1042 1549 quod
1087 1476 1158 1532 ad
1205 1475 1318 1532 hoc
1362 1472 1668 1531 ἐπεισοδίον
1709 1475 2041 1551 pertineat:

286 1571 477 1646 spargi
524 1571 619 1627 hic
666 1570 787 1628 illic
837 1591 871 1628 a
915 1580 1165 1628 canente
1209 1591 1381 1629 voces
1431 1572 1754 1648 ambiguas,
1794 1591 2038 1647 quarum

286 1685 463 1740 opera
534 1667 592 1722 in
666 1673 928 1724 atrocem
989 1667 1407 1743 Pelopidarum
1473 1687 1670 1724 casum
1730 1669 1917 1744 erigat
1980 1687 2042 1725 se

286 1763 720 1837 quodammodo
749 1766 994 1831 animm,
1027 1765 1301 1841 malaque
1344 1766 1508 1823 brevi
1553 1765 1752 1820 futura
1793 1783 2043 1839 praesen-

284 1860 413 1916 tiat.
493 1859 649 1917 Hinc
679 1861 1007 1918 obstruitur
1036 1881 1099 1918 os
1125 1861 1471 1939 Iphigeniae,
1502 1881 1577 1918 ne
1608 1860 1834 1918 scilicet
1865 1862 2039 1917 emit-

284 1963 373 2012 tat
403 1976 473 2013 ea
505 1956 597 2014 vel
628 1958 809 2015 inscia
840 1957 1110 2036 φθόγγον
1140 1959 1331 2038 ἀραῖον
1362 1959 1543 2020 οἴκοις.
1618 1958 1779 2015 Hinc
1814 1958 2043 2014 monita

282 2055 640 2129 gravissima,
672 2055 781 2113 sub
811 2056 928 2112 fine
959 2057 1144 2113 totius
1174 2057 1448 2113 carminis
1468 2065 1507 2090 ¹¹²
1531 2074 1544 2112 ε

635 2171 684 2214 τὸ
706 2169 743 2214 δ’
766 2170 885 2214 ἔνθεν
906 2170 992 2214 οὔτ’
1014 2167 1142 2222 εἶδον,
1165 2170 1252 2214 οὔτ-ἶ
1275 2170 1449 2214 ἐννέπω·

635 2242 782 2299 τεχναὶ
804 2242 851 2286 δὲ
874 2243 1127 2299 Καλχάντος
1147 2243 1222 2286 οῧκ
1244 2242 1457 2303 ἄκραντοι·

636 2314 731 2358 δίκα
751 2314 798 2358 δέ
820 2316 911 2360 τοῖς
930 2315 1008 2371 μὲν
1027 2314 1218 2359 παθοῦσι
1238 2315 1389 2371 μαθεῖν

635 2385 870 2445 ἐπιρρέπει.

281 2486 441 2544 Hinc
484 2488 738 2563 denique
782 2489 1118 2546 obscuriora
1160 2489 1277 2556 illa,
1309 2489 1410 2546 sed
1456 2495 1656 2545 tamen
1695 2496 1756 2544 et
1799 2508 1935 2545 vera
1974 2496 2037 2545 et

279 2584 583 2659 profunda,
617 2586 827 2660 quibus
859 2585 1042 2642 tacite
1079 2585 1539 2661 Clytaemnestra
1568 2604 1801 2659 quoque
1846 2586 2038 2661 tangi-

278 2688 391 2748 tur,
434 2701 755 2757 omnesque
799 2683 899 2757 qui
952 2683 1014 2738 in
1065 2701 1127 2738 se
1180 2681 1274 2738 vel
1326 2701 1511 2738 unum
1568 2681 1756 2739 solum
1809 2682 2036 2738 facinus

279 2777 531 2834 scientes
561 2777 905 2834 admiserint
924 2785 985 2834 ¹¹:

629 2898 814 2953 βρότους
835 2896 1040 2959 θρασύνει
1059 2898 1143 2955 γὰρ
1164 2897 1448 2956 αἰσχρόμητις

630 2970 811 3015 τάλαινα
829 2971 1058 3028 παράκοπα
1077 2969 1390 3028 πρωτοπήμων.

378 3069 657 3130 Diximus
704 3074 779 3131 de
825 3072 1049 3152 παρόδῳ
1095 3073 1582 3151 AgamemnoniS,
1631 3071 1845 3128 illustri
1893 3089 2033 3127 sane

276 3166 584 3234 cantilena,
616 3175 678 3225 et
707 3188 835 3244 quae
874 3171 935 3226 in
982 3189 1044 3227 se
1088 3170 1212 3228 sola
1250 3170 1435 3226 ferme
1470 3169 1647 3243 justae
1683 3175 1745 3224 et
1788 3168 2033 3243 integrae

275 3262 600 3339 Tragoediae
631 3265 943 3334 elementa,
974 3287 1108 3342 quae
1150 3272 1453 3332 vocantur,
1485 3264 1803 3320 contineat.
1891 3261 2029 3318 Jam

276 3378 350 3415 ex
381 3359 494 3417 alia
524 3380 757 3437 quoque
788 3370 953 3438 parte
985 3363 1143 3419 subit
1174 3363 1456 3418 iratorum
1491 3358 1755 3415 Deorum
1786 3358 2028 3425 mentio,

275 3475 341 3512 ac
373 3456 497 3513 dira
526 3458 797 3532 quaedam
828 3459 1193 3534 exspectatio
1233 3457 1560 3533 ingruentis
1599 3475 1803 3530 poenae.
1892 3454 2030 3529 Ipsa

571 3632 598 3649 ¹¹¹
620 3626 773 3680 Ayam.
800 3639 898 3682 239.
1443 3629 1459 3647 ¹¹
1493 3623 1604 3667 Ibid.
1629 3635 1730 3676 ²15-
