2320 4126
378 232 488 285 136
730 233 1018 285 Homerum·
1043 233 1246 285 minuta
1274 251 1483 303 qumque
1510 232 1589 284 ita
1615 239 1839 303 tanyere,
1917 249 2078 282 PRAEL.
2100 245 2181 281 lx.

378 389 471 440 est
531 381 721 439 ratio:
796 399 1016 456 nempe
1089 386 1158 437 ut
1223 378 1578 455 scriptorem
1638 377 1899 455 prodant
1965 382 2178 434 natum

377 487 713 558 aptumque
743 479 924 538 rebus
954 477 1222 556 agendis,
1254 484 1318 534 et
1362 477 1426 534 in
1467 477 1720 534 minima
1749 485 1989 552 quaque
2019 492 2178 542 cura,

377 600 515 656 quae
546 599 686 637 cum
718 576 951 636 bellicis
986 576 1167 634 rebus
1203 574 1608 653 conjungitur,
1643 574 1797 632 bene
1828 573 2078 632 doctum
2115 581 2179 630 et

377 684 719 756 expertum.
839 674 1038 745 Quale
1098 681 1190 732 est
1249 672 1399 730 illud
1460 674 1537 731 de
1599 673 1948 750 Sarpedone
2006 671 2181 730 hasta·

376 786 697 855 percusso‘l
723 797 735 835 :

681 887 722 930 οἱ
742 886 822 943 μὲν
842 884 909 944 ἄρ’
931 883 1130 929 ἀντίθεον
1151 882 1409 940 Σαρπήδονα
1429 884 1515 927 δῖοι
1536 884 1700 941 ἑταῖροι

683 958 900 1018 ἐξέφερον
918 957 1148 1016 πολέμοιο·
1181 958 1345 1016 βάρυνε
1369 957 1420 1003 δέ
1437 976 1512 1015 μιν
1533 957 1642 1016 δόρυ
1662 957 1830 1015 μακρὸν

681 1035 929 1092 ἑλκόμενον·
963 1032 1015 1078 τὸ
1035 1033 1116 1091 μὲν
1136 1036 1254 1080 οὔτις
1274 1031 1568 1091 ἐπέφρασατ’,
1591 1029 1682 1076 οὐδ’
1706 1030 1901 1087 ἐνόησεν,

677 1112 819 1168 μηροῦ
841 1108 1048 1168 ἐξέρυσαι
1070 1108 1177 1168 δόρυ
1197 1108 1407 1166 μείλινον,
1430 1106 1535 1167 ὄφρ’
1558 1106 1753 1164 ἐπιβαίη,

681 1183 976 1229 σπευδόντων·
1010 1185 1132 1228 τοῖον
1150 1183 1237 1242 γὰρ
1258 1182 1364 1240 ἕχον
1382 1183 1519 1228 πόνον
1536 1180 1848 1240 ἀμφιέποντες.

378 1271 501 1331 Vel
533 1292 620 1342 ea,
655 1292 794 1350 quae
826 1272 1194 1332 Diomedem
1226 1272 1628 1341 describuntr,

684 1416 1090 1429 ..............
1105 1381 1207 1442 παρ’
1230 1381 1435 1428 ἵπποισιν
1454 1382 1525 1427 καὶ
1547 1381 1744 1442 ὄχεσφιν

680 1454 813 1502 ἕλκος
832 1454 1138 1515 ἀναψύχοντα,
1160 1458 1212 1502 τό
1232 1475 1307 1515 μιν
1326 1457 1442 1511 βάλε
1463 1456 1695 1515 Πάνδαρος
1716 1456 1783 1517 ἷῷ.

679 1529 810 1588 ἱδρὼς
829 1530 915 1589 γάρ
936 1549 1011 1588 μιν
1027 1528 1195 1591 ἔτειρεν
1214 1531 1300 1576 ὑπὸ
1321 1530 1513 1577 πλατέος
1533 1532 1784 1589 τελαμῶνος

677 1602 869 1651 ἀσπίδος
890 1603 1116 1650 εὐκύκλου·
1150 1607 1211 1666 τῷ
1233 1604 1416 1663 τείρετο,
1440 1605 1573 1663 κάμνε
1594 1604 1642 1649 δὲ
1662 1606 1805 1664 χεῖρα·

679 1675 733 1721 ἂν
753 1675 792 1720 δ’
818 1674 965 1736 ἴσχων
984 1679 1229 1735 τελαμῶνα,
1253 1678 1512 1736 κελαινεφὲς
1532 1675 1621 1736 αἷμ’
1643 1676 1915 1736 ἀπομόργνυ.

376 1764 601 1842 Neque
639 1765 907 1825 multum
952 1767 1095 1827 hinc
1134 1769 1456 1839 abludunt,
1487 1788 1625 1846 quae
1657 1767 1867 1827 sedulo
1897 1771 2180 1845 aguntur,

374 1871 672 1923 nocturno
703 1864 810 1924 illo
839 1867 1093 1945 impetn,
1115 1869 1324 1932 occiso
1357 1868 1627 1927 Rhesos:

677 1974 825 2022 ὅντινα
844 1977 1052 2035 Τυδείδης
1072 1977 1172 2037 ἄορι
1191 1977 1375 2036 πλήξειε
1394 1979 1642 2039 παραστὰς,

677 2050 755 2096 τὸν
775 2048 814 2095 δ’
834 2048 1051 2098 Ὀδυσεὺς
1069 2052 1314 2110 μετόπισθε
1334 2054 1489 2108 λαβὼν
1507 2053 1647 2101 πόδος
1665 2051 1984 2112 ἐξερύσασκεν,

676 2123 732 2167 τὰ
750 2123 955 2182 φρονέων
973 2126 1082 2171 κατὰ
1102 2125 1255 2184 θυμὸν,
1277 2126 1397 2173 ὅπως
1417 2127 1702 2186 καλλίτριχες
1720 2125 1849 2172 ἵπποι

678 2196 775 2256 ῥεῖα
797 2198 1032 2254 διέλθοιεν,
1054 2201 1164 2258 μηδὲ
1185 2202 1444 2260 τρομεοίατο
1465 2202 1606 2263 θυμῷ,

680 2276 847 2333 νεκροῖς
868 2274 1167 2331 ἀμβαίνοντες·
1201 2275 1431 2333 ἀήθεσσον
1451 2278 1538 2336 γὰρ
1559 2276 1622 2322 ἔτ’
1642 2277 1800 2322 αὐτῶν.
1819 2311 1830 2323 .
1851 2311 1863 2322 .
1880 2310 1892 2322 .

681 2347 765 2392 σὺν
786 2346 824 2393 δ’
845 2350 988 2408 ἤειρεν
1009 2351 1152 2407 ἱμᾶσι,
1176 2351 1246 2395 καὶ
1267 2350 1504 2410 ἐξήλαυνεν
1525 2351 1704 2410 ὁμίλου,

680 2422 799 2483 τόξῳ
820 2421 1131 2480 ἐπιπλήσσων·
1165 2423 1259 2469 ε’πεὶ
1281 2425 1333 2468 οὐ
1353 2425 1550 2484 μάστιγα
1570 2425 1757 2484 φαεινὴν

679 2495 883 2541 ποικίλου
905 2495 953 2542 ἐκ
974 2496 1155 2556 δίφροιο
1176 2496 1369 2555 νοήσατο
1390 2497 1550 2558 χερσὶν
1569 2498 1773 2544 ἕλεα-θαι.

377 2600 656 2659 Accedat
715 2600 936 2660 nobilis
997 2601 1285 2662 Hectoris
1343 2605 1601 2682 pictura,
1650 2623 1797 2663 saxo
1845 2603 2180 2684 frangentis

379 2698 757 2759 Achivorum
789 2701 1056 2778 portast:

681 2812 767 2869 στῆ
790 2811 838 2856 δὲ
857 2811 961 2870 μάλ’
985 2812 1116 2872 ἐγγὺς
1137 2812 1227 2867 ἰών,
1251 2815 1322 2858 καὶ
1343 2814 1625 2873 ἐρεισάμενος
1643 2814 1758 2869 βάλε
1778 2814 1969 2873 μέσσας,

681 2883 730 2930 εὗ
750 2885 922 2940 διαβὰς,
943 2885 1012 2931 ἵνα
1032 2885 1091 2945 μή
1113 2888 1155 2932 οἱ
1175 2887 1485 2947 ἀφαυρότερον
1503 2888 1647 2943 βέλος
1662 2887 1742 2946 εἵη.

378 2989 590 3048 Etiam
620 2991 684 3048 in
714 3010 779 3049 re
809 3011 933 3051 non
963 2992 1222 3052 absimili
1254 2994 1612 3054 Patroclusu
1632 3013 1652 3052 :v

685 3135 1028 3149 ............
1044 3103 1124 3163 ἀφ’
1147 3103 1293 3150 ἵππων
1311 3103 1423 3150 ἆλτο
1442 3107 1626 3165 χαμᾶζε,

682 3178 812 3233 σκαιῇ
836 3176 971 3236 ἔγχος
991 3178 1119 3237 ἔχων·
1153 3177 1337 3237 ἑτέρηφι
1360 3179 1408 3223 δέ
1429 3179 1587 3234 λάζετο
1606 3178 1772 3235 πέτρον

680 3251 925 3310 μάρμαρον,
948 3248 1190 3312 όκριόεντα,
1211 3254 1289 3299 τόν
1309 3254 1351 3298 οἱ
1371 3254 1475 3313 περὶ
1494 3253 1594 3313 χεὶρ
1615 3253 1858 3312 ἐκάλυψεν.

377 3339 528 3398 Erat
564 3340 851 3401 videlicet
895 3342 1047 3421 lapis
1092 3343 1328 3402 acutior
1371 3350 1435 3402 et
1479 3343 1732 3422 longior,
1766 3342 1960 3420 qualis
1998 3343 2178 3420 proji-

376 3439 562 3497 cienti
615 3441 1168 3501 commodissimam
1213 3442 1508 3519 praeberet
1555 3461 1797 3501 ansam:
1827 3491 1830 3493 Α
1860 3441 2060 3518 idque,
2106 3447 2177 3498 ut

390 3660 414 3691 <1
438 3652 493 3698 Il.
516 3669 559 3700 v.
584 3655 688 3714 663.
814 3665 833 3688 r
857 3657 928 3702 Ib.
954 3668 1056 3717 794.
1183 3666 1202 3690 s
1223 3675 1267 3704 x.
1292 3660 1395 3719 489.
1522 3659 1539 3690 t
1559 3658 1636 3703 xii.
1660 3669 1765 3717 457.
1891 3665 1917 3688 ¹¹
1937 3656 2030 3701 xvi.
2055 3666 2154 3714 733.
