2320 4126
391 238 463 296 76
712 239 1026 297 Carminum
1034 240 1266 311 partitio
1292 239 1535 311 ememplis
1561 239 1876 293 declaratur.
1933 258 2095 294 PRAEL.
2120 259 2192 295 v1.

390 405 595 456 crem;
663 391 727 444 et
777 385 969 443 libero
1022 384 1192 461 quasi
1232 383 1370 442 lusu
1419 383 1810 443 phantasiam
1857 385 2190 455 exercebit,

390 505 463 543 eo
510 484 741 543 scilicet
793 490 1077 542 aventem
1130 501 1467 552 excurrere,
1506 502 1627 559 quo
1672 484 1721 542 si
1766 503 1876 561 per
1919 484 2192 543 fortunas

389 583 621 653 liceret,
650 583 1049 641 libentissime
1079 600 1385 658 quemque
1415 600 1591 640 suum
1622 582 1807 640 ferret
1836 581 1985 650 ἦθος.

504 681 733 758 Atque,
794 687 865 738 ut
922 681 998 738 de
1059 678 1257 738 Sacris
1317 680 1602 758 exempla
1658 681 2001 758 proferam3
2075 681 2194 740 alia

390 778 664 837 Balaami
695 777 849 836 ratio
881 783 1029 846 erat,
1060 783 1243 835 oestro
1275 777 1536 854 quodam
1568 779 1812 856 pietatis
1843 780 1919 838 ad
1949 786 2193 857 tempus

388 877 619 953 perciti,
643 883 1027 953 mortemque
1045 876 1352 952 justorum
1378 877 1630 935 mirifice
1659 874 2028 937 laudantisb:
2074 878 2192 936 alia

390 975 564 1034 Illius
601 975 789 1033 divini
827 993 1068 1051 prorsus
1098 974 1229 1044 viri,
1262 975 1529 1052 quisquis
1562 975 1792 1034 Poema
1821 975 1861 1034 J
1866 975 1966 1034 obi
2007 976 2190 1053 scrip-

388 1076 551 1133 serit.
642 1073 876 1133 Eadem
926 1080 1132 1133 tamen
1169 1075 1485 1151 utriusque
1534 1093 1790 1133 summa.
1879 1074 2193 1135 Videlicet

390 1174 514 1233 Hic
545 1175 782 1252 piorum
824 1174 971 1244 ἦθος,
1005 1173 1122 1232 Ille
1162 1170 1346 1236 πάθος
1376 1181 1616 1232 tantum
1657 1173 2024 1233 carminibus
2054 1173 2193 1233 reli-

389 1274 521 1351 quit
558 1292 928 1352 expressum.
1016 1272 1058 1331 J
1061 1292 1157 1331 am
1197 1273 1377 1331 simili
1410 1274 1538 1332 fere
1569 1272 1914 1331 discrimine
1945 1278 2193 1331 caeteros

390 1369 612 1430 Poetas
663 1371 901 1430 caeteris
952 1372 1015 1430 in
1069 1370 1387 1429 affectibus
1440 1371 1694 1448 quisque
1738 1390 1846 1447 pro
1899 1388 1963 1428 se
2015 1369 2192 1428 facile

387 1471 646 1529 notabit.
737 1470 952 1540 Fuere,
990 1470 1208 1547 quibus
1257 1469 1445 1528 semel
1486 1476 1671 1547 atque
1716 1469 1940 1528 iterum
1985 1487 2193 1527 versus

388 1568 714 1627 extorserit
745 1568 985 1628 sceleris
1017 1569 1339 1628 execrandi
1373 1569 1614 1627 odium:
1665 1567 1867 1645 qualia
1907 1573 2049 1625 sunt
2087 1565 2194 1624 illa

388 1668 749 1726 sanctissimi
775 1666 977 1736 Vatis,
1009 1668 1209 1726 vivide
1240 1687 1276 1726 a
1307 1666 1680 1726 Buchanano
1711 1672 2070 1745 expressa0:

877 1777 1005 1826 Quid
1025 1777 1248 1837 gloriaris,
1270 1777 1410 1836 impie

872 1852 1101 1912 Tyranne,
1123 1852 1275 1911 pravis
1297 1851 1503 1896 artibus?

871 1927 974 1971 Tua
993 1927 1153 1986 lingua
1175 1941 1353 1985 semper
1373 1925 1615 1971 fraudibus

874 2000 1058 2045 Intenta
1078 2000 1439 2045 comminiscitur

874 2074 1031 2127 Nefas,
1054 2074 1227 2119 nitente
1249 2074 1428 2119 cotibus

874 2148 1068 2193 Acutior
1085 2149 1323 2194 novacula.

873 2223 939 2267 Te
960 2238 1100 2281 prava
1120 2223 1255 2267 rectis
1277 2224 1381 2281 plus
1397 2222 1578 2281 juvant,

874 2297 985 2342 Plus
1008 2298 1123 2342 falsa
1142 2298 1260 2343 veris
1282 2305 1512 2351 recreant3

875 2372 1098 2431 Dolisque
1119 2372 1437 2429 pestilentibus

874 2444 1091 2489 Libenter
1112 2459 1270 2489 aurem
1291 2443 1571 2489 commodas.

875 2518 1000 2577 Ergo
1024 2518 1153 2563 Deus
1175 2525 1220 2563 te
1242 2525 1458 2572 conteret,

877 2592 1227 2652 Hominumque
1249 2593 1550 2638 contubernio

879 2666 1162 2720 Eliminabit,
1186 2682 1237 2711 ac
1261 2666 1453 2712 domum

873 2740 1058 2785 Evertet
1079 2755 1265 2785 omnem
1284 2741 1512 2787 funditus.

387 2846 663 2908 Fuerunt
730 2849 936 2919 etiam,
998 2849 1207 2926 quales
1258 2849 1575 2909 Juvenalis
1647 2858 1710 2909 et
1763 2847 2188 2918 ArchilochUS‚

386 2950 604 3026 quibus
641 2969 749 3007 seu
789 2949 1002 3017 rabies,
1040 2950 1166 3008 sive
1193 2950 1364 3027 justa
1402 2951 1740 3028 indignatio
1781 2957 1982 3008 totum
2025 2949 2188 3008 colo-

384 3050 609 3107 raverit
632 3048 932 3107 scribendi
956 3068 1165 3126 genus.
1210 3049 1393 3129 Nihil?
1412 3050 1586 3107 alteri
1611 3057 1738 3108 tam
1764 3050 1978 3127 dispar,
2006 3068 2188 3126 quam

387 3148 705 3226 Sapphicis
756 3147 1068 3206 Tibullus:
1138 3149 1283 3206 dum
1342 3148 1442 3207 hic
1498 3149 1850 3206 inveteratis
1909 3147 2189 3227 indulget

384 3248 706 3322 amoribus,
737 3245 844 3304 illa
871 3247 1260 3305 nascentibus
1291 3247 1504 3323 quaerit
1533 3247 1891 3305 remedium.

472 3345 576 3404 Ne
627 3344 858 3404 multa:
923 3346 1233 3403 neminem
1287 3345 1498 3423 fugiet,
1553 3347 1781 3422 opinor,
1828 3365 2007 3422 quam
2063 3344 2188 3404 late

383 3451 592 3524 pateat
632 3444 738 3503 illa
777 3445 1042 3522 partitiO,
1075 3452 1423 3522 quantaque
1459 3446 1518 3502 vi
1565 3445 1847 3504 dirimere
1883 3464 1955 3503 ea
1987 3444 2187 3504 valeat

383 3544 523 3610 lites
554 3544 884 3603 Poetarum
915 3564 986 3602 ac
1004 3545 1210 3623 jurgia
1240 3545 1315 3603 de
1345 3544 1583 3604 finibus.

732 3678 751 3706 ¹²
783 3679 928 3725 Num.
951 3681 1076 3727 xxiii.
1095 3696 1189 3735 10„
1371 3671 1374 3674 ’
1533 3690 1548 3709 c
1582 3682 1750 3729 Psaim.
1772 3683 1836 3728 lii.
