<?xml version="1.0" encoding="UTF-8"?>
<!DOCTYPE html PUBLIC "-//W3C//DTD XHTML 1.0 Transitional//EN"
    "http://www.w3.org/TR/xhtml1/DTD/xhtml1-transitional.dtd">
<html xmlns="http://www.w3.org/1999/xhtml" xml:lang="en" lang="en">
 <head>
  <title>
</title>
<meta http-equiv="Content-Type" content="text/html;charset=utf-8" />
  <meta name='ocr-system' content='tesseract 3.04.00' />
  <meta name='ocr-capabilities' content='ocr_page ocr_carea ocr_par ocr_line ocrx_word'/>
</head>
<body>
  <div class='ocr_page' id='page_1' title='image "./a588873901kebluoft_0186.png"; bbox 0 0 2320 4126; ppageno 0'>
   <div class='ocr_carea' id='block_1_1' title="bbox 419 228 2215 300">
    <p class='ocr_par' dir='ltr' id='par_1_1' title="bbox 419 228 2215 300">
     <span class='ocr_line' id='line_1_1' title="bbox 419 228 2215 300; baseline 0.001 -18"><span class='ocrx_word' id='word_1_1' title='bbox 419 229 528 285; x_wconf 83' lang='lat'>176</span> <span class='ocrx_word' id='word_1_2' title='bbox 866 229 921 280; x_wconf 85' lang='lat' dir='ltr'><em>U</em></span> <span class='ocrx_word' id='word_1_3' title='bbox 917 228 1065 297; x_wconf 76' lang='lat' dir='ltr'>lyssis</span> <span class='ocrx_word' id='word_1_4' title='bbox 1089 237 1136 281; x_wconf 78' lang='lat' dir='ltr'>et</span> <span class='ocrx_word' id='word_1_5' title='bbox 1166 229 1422 299; x_wconf 64' lang='lat' dir='ltr'>Calypsus</span> <span class='ocrx_word' id='word_1_6' title='bbox 1448 229 1763 300; x_wconf 73' lang='lat' dir='ltr'><em>colloquium.</em></span> <span class='ocrx_word' id='word_1_7' title='bbox 1954 249 2114 284; x_wconf 82' lang='lat' dir='ltr'>PRAEL.</span> <span class='ocrx_word' id='word_1_8' title='bbox 2141 252 2215 284; x_wconf 84' lang='lat' dir='ltr'>XI.</span> 
     </span>
    </p>
   </div>
   <div class='ocr_carea' id='block_1_2' title="bbox 416 371 2214 922">
    <p class='ocr_par' dir='ltr' id='par_1_2' title="bbox 417 371 2213 630">
     <span class='ocr_line' id='line_1_2' title="bbox 419 371 2213 453; baseline 0.001 -21"><span class='ocrx_word' id='word_1_9' title='bbox 419 375 556 432; x_wconf 92' lang='lat' dir='ltr'>odio</span> <span class='ocrx_word' id='word_1_10' title='bbox 605 374 1023 452; x_wconf 88' lang='lat' dir='ltr'>pugnantium.</span> <span class='ocrx_word' id='word_1_11' title='bbox 1116 371 1275 430; x_wconf 82' lang='lat' dir='ltr'>Sane</span> <span class='ocrx_word' id='word_1_12' title='bbox 1334 373 1451 430; x_wconf 89' lang='lat' dir='ltr'>ista</span> <span class='ocrx_word' id='word_1_13' title='bbox 1511 374 1919 450; x_wconf 78' lang='lat' dir='ltr'>cogitantibus</span> <span class='ocrx_word' id='word_1_14' title='bbox 1979 377 2213 453; x_wconf 85' lang='lat' dir='ltr'>dignior</span> 
     </span>
     <span class='ocr_line' id='line_1_3' title="bbox 417 469 2210 551; baseline 0.001 -21"><span class='ocrx_word' id='word_1_15' title='bbox 417 479 666 549; x_wconf 86' lang='lat' dir='ltr'>apparet</span> <span class='ocrx_word' id='word_1_16' title='bbox 698 472 799 548; x_wconf 89' lang='lat' dir='ltr'>qui</span> <span class='ocrx_word' id='word_1_17' title='bbox 833 471 968 528; x_wconf 93' lang='lat' dir='ltr'>Deo</span> <span class='ocrx_word' id='word_1_18' title='bbox 993 470 1232 528; x_wconf 88' lang='lat' dir='ltr'>vindice</span> <span class='ocrx_word' id='word_1_19' title='bbox 1264 469 1534 528; x_wconf 89' lang='lat' dir='ltr'>solvatur</span> <span class='ocrx_word' id='word_1_20' title='bbox 1565 471 1774 539; x_wconf 80' lang='lat' dir='ltr'>nodUS‚</span> <span class='ocrx_word' id='word_1_21' title='bbox 1808 471 2022 549; x_wconf 84' lang='lat' dir='ltr'>Ulysse</span> <span class='ocrx_word' id='word_1_22' title='bbox 2053 475 2210 551; x_wconf 92' lang='lat' dir='ltr'>apud</span> 
     </span>
     <span class='ocr_line' id='line_1_4' title="bbox 417 572 978 630; baseline -0.004 -3"><span class='ocrx_word' id='word_1_23' title='bbox 417 572 671 630; x_wconf 87' lang='lat' dir='ltr'>insulam</span> <span class='ocrx_word' id='word_1_24' title='bbox 707 572 978 628; x_wconf 86' lang='lat' dir='ltr'>detento.</span> 
     </span>
    </p>

    <p class='ocr_par' dir='ltr' id='par_1_3' title="bbox 416 667 2214 922">
     <span class='ocr_line' id='line_1_5' title="bbox 504 667 2214 746; baseline -0.001 -18"><span class='ocrx_word' id='word_1_25' title='bbox 504 670 740 729; x_wconf 91' lang='lat' dir='ltr'>Verum</span> <span class='ocrx_word' id='word_1_26' title='bbox 801 668 876 725; x_wconf 85' lang='lat' dir='ltr'>ad</span> <span class='ocrx_word' id='word_1_27' title='bbox 937 667 1135 743; x_wconf 90' lang='lat' dir='ltr'>ipsum</span> <span class='ocrx_word' id='word_1_28' title='bbox 1204 667 1540 735; x_wconf 80' lang='lat' dir='ltr'>redeamUS,</span> <span class='ocrx_word' id='word_1_29' title='bbox 1600 676 1664 725; x_wconf 89' lang='lat' dir='ltr'>et</span> <span class='ocrx_word' id='word_1_30' title='bbox 1730 669 2214 746; x_wconf 78' lang='lat' dir='ltr'>contemplemur</span> 
     </span>
     <span class='ocr_line' id='line_1_6' title="bbox 417 763 2211 845; baseline 0.001 -21"><span class='ocrx_word' id='word_1_31' title='bbox 417 769 831 825; x_wconf 80' lang='lat' dir='ltr'><strong>suavissimam</strong></span> <span class='ocrx_word' id='word_1_32' title='bbox 853 763 1137 845; x_wconf 80' lang='grc' dir='ltr'>ὀαριστὺν,</span> <span class='ocrx_word' id='word_1_33' title='bbox 1162 764 1515 842; x_wconf 86' lang='lat' dir='ltr'>Nympham</span> <span class='ocrx_word' id='word_1_34' title='bbox 1537 772 1600 823; x_wconf 91' lang='lat' dir='ltr'>et</span> <span class='ocrx_word' id='word_1_35' title='bbox 1628 765 1837 824; x_wconf 90' lang='lat' dir='ltr'>Heroa</span> <span class='ocrx_word' id='word_1_36' title='bbox 1860 768 1973 825; x_wconf 89' lang='lat' dir='ltr'>sibi</span> <span class='ocrx_word' id='word_1_37' title='bbox 1997 775 2211 825; x_wconf 91' lang='lat' dir='ltr'>mutuo</span> 
     </span>
     <span class='ocr_line' id='line_1_7' title="bbox 416 858 898 922; baseline 0.006 -5"><span class='ocrx_word' id='word_1_38' title='bbox 416 864 824 922; x_wconf 75' lang='lat' dir='ltr'>valedicentes</span> <span class='ocrx_word' id='word_1_39' title='bbox 836 858 861 897; x_wconf 80' lang='lat'>¹¹</span> <span class='ocrx_word' id='word_1_40' title='bbox 887 882 898 920; x_wconf 92' lang='lat'>:</span> 
     </span>
    </p>
   </div>
   <div class='ocr_carea' id='block_1_3' title="bbox 650 972 2005 2286">
    <p class='ocr_par' dir='ltr' id='par_1_4' title="bbox 650 972 2005 2286">
     <span class='ocr_line' id='line_1_8' title="bbox 656 972 1696 1032; baseline 0.003 -15"><span class='ocrx_word' id='word_1_41' title='bbox 656 972 861 1032; x_wconf 86' lang='grc' dir='ltr'>Διογένες</span> <span class='ocrx_word' id='word_1_42' title='bbox 882 974 1139 1032; x_wconf 81' lang='grc' dir='ltr'>Λαερτιάδη,</span> <span class='ocrx_word' id='word_1_43' title='bbox 1160 973 1435 1032; x_wconf 84' lang='grc' dir='ltr'>πολυμήχαν’</span> <span class='ocrx_word' id='word_1_44' title='bbox 1455 974 1696 1028; x_wconf 83' lang='grc' dir='ltr'>Ὀδυσσεῦ,</span> 
     </span>
     <span class='ocr_line' id='line_1_9' title="bbox 654 1043 1618 1107; baseline 0.002 -16"><span class='ocrx_word' id='word_1_45' title='bbox 654 1045 768 1091; x_wconf 80' lang='grc' dir='ltr'>οὕτω</span> <span class='ocrx_word' id='word_1_46' title='bbox 790 1046 842 1103; x_wconf 90' lang='grc' dir='ltr'>δὴ</span> <span class='ocrx_word' id='word_1_47' title='bbox 865 1043 1032 1091; x_wconf 75' lang='grc' dir='ltr'>οἶκονδε</span> <span class='ocrx_word' id='word_1_48' title='bbox 1053 1047 1194 1106; x_wconf 87' lang='grc' dir='ltr'>φίλην</span> <span class='ocrx_word' id='word_1_49' title='bbox 1215 1048 1259 1093; x_wconf 81' lang='grc' dir='ltr'>ἐς</span> <span class='ocrx_word' id='word_1_50' title='bbox 1279 1047 1469 1106; x_wconf 84' lang='grc' dir='ltr'>πατρίδα</span> <span class='ocrx_word' id='word_1_51' title='bbox 1488 1051 1618 1107; x_wconf 84' lang='grc' dir='ltr'>γαῖαν</span> 
     </span>
     <span class='ocr_line' id='line_1_10' title="bbox 655 1119 1826 1180; baseline 0.002 -17"><span class='ocrx_word' id='word_1_52' title='bbox 655 1122 807 1164; x_wconf 78' lang='grc' dir='ltr'>αὔτικα</span> <span class='ocrx_word' id='word_1_53' title='bbox 829 1122 904 1164; x_wconf 84' lang='grc' dir='ltr'>νῦν</span> <span class='ocrx_word' id='word_1_54' title='bbox 926 1119 1094 1166; x_wconf 80' lang='grc' dir='ltr'>ἐθέλεις</span> <span class='ocrx_word' id='word_1_55' title='bbox 1114 1120 1248 1173; x_wconf 85' lang='grc' dir='ltr'>ἶέναι;</span> <span class='ocrx_word' id='word_1_56' title='bbox 1283 1121 1341 1165; x_wconf 84' lang='grc' dir='ltr'>σὺ</span> <span class='ocrx_word' id='word_1_57' title='bbox 1363 1121 1410 1165; x_wconf 80' lang='grc' dir='ltr'>δέ</span> <span class='ocrx_word' id='word_1_58' title='bbox 1431 1123 1561 1180; x_wconf 86' lang='grc' dir='ltr'>χαῖρε</span> <span class='ocrx_word' id='word_1_59' title='bbox 1584 1122 1653 1165; x_wconf 84' lang='grc' dir='ltr'>καὶ</span> <span class='ocrx_word' id='word_1_60' title='bbox 1675 1122 1826 1180; x_wconf 76' lang='grc' dir='ltr'>ἔμπης.</span> 
     </span>
     <span class='ocr_line' id='line_1_11' title="bbox 655 1192 1717 1254; baseline 0.004 -17"><span class='ocrx_word' id='word_1_61' title='bbox 655 1192 745 1253; x_wconf 77' lang='grc' dir='ltr'>ε’ίγε</span> <span class='ocrx_word' id='word_1_62' title='bbox 764 1193 844 1251; x_wconf 78' lang='grc' dir='ltr'>μὲν</span> <span class='ocrx_word' id='word_1_63' title='bbox 865 1194 1021 1251; x_wconf 80' lang='grc' dir='ltr'>εἰδείης</span> <span class='ocrx_word' id='word_1_64' title='bbox 1042 1197 1154 1252; x_wconf 85' lang='grc' dir='ltr'>σῇσι</span> <span class='ocrx_word' id='word_1_65' title='bbox 1176 1195 1356 1254; x_wconf 84' lang='grc' dir='ltr'>φρεσὶν,</span> <span class='ocrx_word' id='word_1_66' title='bbox 1379 1193 1501 1241; x_wconf 83' lang='grc' dir='ltr'>ὅσσα</span> <span class='ocrx_word' id='word_1_67' title='bbox 1521 1214 1589 1240; x_wconf 89' lang='grc' dir='ltr'>τοι</span> <span class='ocrx_word' id='word_1_68' title='bbox 1611 1194 1717 1241; x_wconf 76' lang='grc' dir='ltr'>αἶσα</span> 
     </span>
     <span class='ocr_line' id='line_1_12' title="bbox 656 1265 1756 1328; baseline 0.002 -17"><span class='ocrx_word' id='word_1_69' title='bbox 656 1265 769 1324; x_wconf 83' lang='grc' dir='ltr'>κήδε’</span> <span class='ocrx_word' id='word_1_70' title='bbox 791 1267 1060 1324; x_wconf 83' lang='grc' dir='ltr'>ἀναπλῆσαι,</span> <span class='ocrx_word' id='word_1_71' title='bbox 1082 1268 1187 1327; x_wconf 83' lang='grc' dir='ltr'>πρὶν</span> <span class='ocrx_word' id='word_1_72' title='bbox 1207 1267 1397 1327; x_wconf 84' lang='grc' dir='ltr'>πατρίδα</span> <span class='ocrx_word' id='word_1_73' title='bbox 1417 1271 1546 1328; x_wconf 84' lang='grc' dir='ltr'>γαῖαν</span> <span class='ocrx_word' id='word_1_74' title='bbox 1569 1267 1756 1322; x_wconf 81' lang='grc' dir='ltr'>ἱκέσθαι,</span> 
     </span>
     <span class='ocr_line' id='line_1_13' title="bbox 653 1340 1952 1402; baseline 0.005 -18"><span class='ocrx_word' id='word_1_75' title='bbox 653 1341 807 1385; x_wconf 80' lang='grc' dir='ltr'>ἕνθαδε</span> <span class='ocrx_word' id='word_1_76' title='bbox 829 1340 863 1385; x_wconf 86' lang='grc' dir='ltr'>κ’</span> <span class='ocrx_word' id='word_1_77' title='bbox 887 1340 986 1385; x_wconf 79' lang='grc' dir='ltr'>αῧθι</span> <span class='ocrx_word' id='word_1_78' title='bbox 1007 1341 1147 1398; x_wconf 88' lang='grc' dir='ltr'>μένων</span> <span class='ocrx_word' id='word_1_79' title='bbox 1167 1340 1269 1400; x_wconf 85' lang='grc' dir='ltr'>παρ’</span> <span class='ocrx_word' id='word_1_80' title='bbox 1294 1341 1390 1399; x_wconf 81' lang='grc' dir='ltr'>ἐμοὶ</span> <span class='ocrx_word' id='word_1_81' title='bbox 1412 1342 1514 1386; x_wconf 89' lang='grc' dir='ltr'>τόδε</span> <span class='ocrx_word' id='word_1_82' title='bbox 1535 1342 1658 1400; x_wconf 82' lang='grc' dir='ltr'>δῶμα</span> <span class='ocrx_word' id='word_1_83' title='bbox 1679 1343 1952 1402; x_wconf 83' lang='grc' dir='ltr'>φυλάσσοις,</span> 
     </span>
     <span class='ocr_line' id='line_1_14' title="bbox 655 1413 1654 1474; baseline 0 -16"><span class='ocrx_word' id='word_1_84' title='bbox 655 1413 871 1461; x_wconf 82' lang='grc' dir='ltr'>ἀθάνατός</span> <span class='ocrx_word' id='word_1_85' title='bbox 891 1413 927 1459; x_wconf 85' lang='grc' dir='ltr'>τ’</span> <span class='ocrx_word' id='word_1_86' title='bbox 952 1413 1054 1472; x_wconf 81' lang='grc' dir='ltr'>ε’ίης,</span> <span class='ocrx_word' id='word_1_87' title='bbox 1080 1415 1352 1473; x_wconf 85' lang='grc' dir='ltr'>ἱμειρόμενός</span> <span class='ocrx_word' id='word_1_88' title='bbox 1371 1433 1455 1474; x_wconf 91' lang='grc' dir='ltr'>περ</span> <span class='ocrx_word' id='word_1_89' title='bbox 1479 1414 1654 1460; x_wconf 81' lang='grc' dir='ltr'>ἰδέσθαι</span> 
     </span>
     <span class='ocr_line' id='line_1_15' title="bbox 655 1488 1687 1548; baseline -0.001 -14"><span class='ocrx_word' id='word_1_90' title='bbox 655 1488 741 1546; x_wconf 90' lang='grc' dir='ltr'>σὴν</span> <span class='ocrx_word' id='word_1_91' title='bbox 761 1488 944 1547; x_wconf 74' lang='grc' dir='ltr'>ἄλοχον,</span> <span class='ocrx_word' id='word_1_92' title='bbox 968 1491 1044 1547; x_wconf 85' lang='grc' dir='ltr'>τῆς</span> <span class='ocrx_word' id='word_1_93' title='bbox 1065 1489 1157 1534; x_wconf 84' lang='grc' dir='ltr'>αἷὲν</span> <span class='ocrx_word' id='word_1_94' title='bbox 1178 1488 1349 1534; x_wconf 81' lang='grc' dir='ltr'>ἐέλδεαι</span> <span class='ocrx_word' id='word_1_95' title='bbox 1370 1492 1512 1548; x_wconf 81' lang='grc' dir='ltr'>ἤματα</span> <span class='ocrx_word' id='word_1_96' title='bbox 1531 1489 1687 1535; x_wconf 90' lang='grc' dir='ltr'>πάντα.</span> 
     </span>
     <span class='ocr_line' id='line_1_16' title="bbox 656 1560 1697 1622; baseline 0 -15"><span class='ocrx_word' id='word_1_97' title='bbox 656 1563 708 1607; x_wconf 79' lang='grc' dir='ltr'>οὐ</span> <span class='ocrx_word' id='word_1_98' title='bbox 729 1563 809 1621; x_wconf 87' lang='grc' dir='ltr'>μέν</span> <span class='ocrx_word' id='word_1_99' title='bbox 831 1563 911 1621; x_wconf 89' lang='grc' dir='ltr'>θην</span> <span class='ocrx_word' id='word_1_100' title='bbox 932 1563 1072 1620; x_wconf 87' lang='grc' dir='ltr'>κείνης</span> <span class='ocrx_word' id='word_1_101' title='bbox 1091 1582 1144 1622; x_wconf 85' lang='grc' dir='ltr'>γε</span> <span class='ocrx_word' id='word_1_102' title='bbox 1165 1563 1349 1622; x_wconf 85' lang='grc' dir='ltr'>χερείων</span> <span class='ocrx_word' id='word_1_103' title='bbox 1369 1566 1553 1622; x_wconf 77' lang='grc' dir='ltr'>εὔχομαι</span> <span class='ocrx_word' id='word_1_104' title='bbox 1575 1560 1697 1616; x_wconf 82' lang='grc' dir='ltr'>εἶναι,</span> 
     </span>
     <span class='ocr_line' id='line_1_17' title="bbox 653 1634 1746 1696; baseline -0.002 -14"><span class='ocrx_word' id='word_1_105' title='bbox 653 1638 704 1682; x_wconf 85' lang='grc' dir='ltr'>οὐ</span> <span class='ocrx_word' id='word_1_106' title='bbox 726 1637 873 1695; x_wconf 84' lang='grc' dir='ltr'>δέμας,</span> <span class='ocrx_word' id='word_1_107' title='bbox 897 1637 997 1682; x_wconf 76' lang='grc' dir='ltr'>οὐδὲ</span> <span class='ocrx_word' id='word_1_108' title='bbox 1019 1635 1151 1696; x_wconf 86' lang='grc' dir='ltr'>φυήν·</span> <span class='ocrx_word' id='word_1_109' title='bbox 1187 1638 1281 1681; x_wconf 79' lang='grc' dir='ltr'>ἕπει</span> <span class='ocrx_word' id='word_1_110' title='bbox 1303 1640 1461 1689; x_wconf 79' lang='grc' dir='ltr'>οὔπως,</span> <span class='ocrx_word' id='word_1_111' title='bbox 1485 1636 1586 1681; x_wconf 77' lang='grc' dir='ltr'>οὐδὲ</span> <span class='ocrx_word' id='word_1_112' title='bbox 1608 1634 1746 1681; x_wconf 76' lang='grc' dir='ltr'>ἔοικεν</span> 
     </span>
     <span class='ocr_line' id='line_1_18' title="bbox 654 1707 1651 1769; baseline -0.001 -14"><span class='ocrx_word' id='word_1_113' title='bbox 654 1711 812 1768; x_wconf 88' lang='grc' dir='ltr'>θνητὰς</span> <span class='ocrx_word' id='word_1_114' title='bbox 831 1711 1074 1768; x_wconf 79' lang='grc' dir='ltr'>ἀθανάτῃσι</span> <span class='ocrx_word' id='word_1_115' title='bbox 1097 1710 1230 1769; x_wconf 85' lang='grc' dir='ltr'>δέμας</span> <span class='ocrx_word' id='word_1_116' title='bbox 1251 1711 1320 1754; x_wconf 78' lang='grc' dir='ltr'>καὶ</span> <span class='ocrx_word' id='word_1_117' title='bbox 1344 1707 1460 1756; x_wconf 78' lang='grc' dir='ltr'>εἶδος</span> <span class='ocrx_word' id='word_1_118' title='bbox 1481 1710 1651 1768; x_wconf 79' lang='grc' dir='ltr'>ἐρίζειν.</span> 
     </span>
     <span class='ocr_line' id='line_1_19' title="bbox 713 1782 2005 1843; baseline 0 -14"><span class='ocrx_word' id='word_1_119' title='bbox 713 1784 792 1841; x_wconf 88' lang='grc' dir='ltr'>τὴν</span> <span class='ocrx_word' id='word_1_120' title='bbox 814 1783 850 1829; x_wconf 90' lang='grc' dir='ltr'>δ’</span> <span class='ocrx_word' id='word_1_121' title='bbox 874 1784 1225 1842; x_wconf 86' lang='grc' dir='ltr'>ἀπαμειβόμενος</span> <span class='ocrx_word' id='word_1_122' title='bbox 1244 1783 1457 1843; x_wconf 88' lang='grc' dir='ltr'>προσέφη</span> <span class='ocrx_word' id='word_1_123' title='bbox 1479 1782 1723 1842; x_wconf 81' lang='grc' dir='ltr'>πολύμητις</span> <span class='ocrx_word' id='word_1_124' title='bbox 1742 1782 2005 1829; x_wconf 81' lang='grc' dir='ltr'>Ὀδυσσεύς·</span> 
     </span>
     <span class='ocr_line' id='line_1_20' title="bbox 650 1854 1754 1916; baseline 0.001 -14"><span class='ocrx_word' id='word_1_125' title='bbox 650 1860 807 1902; x_wconf 90' lang='grc' dir='ltr'>πότνια</span> <span class='ocrx_word' id='word_1_126' title='bbox 828 1858 920 1911; x_wconf 90' lang='grc' dir='ltr'>θέα,</span> <span class='ocrx_word' id='word_1_127' title='bbox 943 1857 1001 1916; x_wconf 81' lang='grc' dir='ltr'>μή</span> <span class='ocrx_word' id='word_1_128' title='bbox 1023 1877 1099 1916; x_wconf 94' lang='grc' dir='ltr'>μοι</span> <span class='ocrx_word' id='word_1_129' title='bbox 1120 1858 1224 1903; x_wconf 88' lang='grc' dir='ltr'>τόδε</span> <span class='ocrx_word' id='word_1_130' title='bbox 1245 1860 1378 1916; x_wconf 83' lang='grc' dir='ltr'>χώεο·</span> <span class='ocrx_word' id='word_1_131' title='bbox 1413 1854 1512 1903; x_wconf 78' lang='grc' dir='ltr'>οἶδα</span> <span class='ocrx_word' id='word_1_132' title='bbox 1533 1858 1602 1902; x_wconf 86' lang='grc' dir='ltr'>καὶ</span> <span class='ocrx_word' id='word_1_133' title='bbox 1623 1858 1754 1904; x_wconf 84' lang='grc' dir='ltr'>αὐτὸς</span> 
     </span>
     <span class='ocr_line' id='line_1_21' title="bbox 650 1931 1778 1991; baseline -0.001 -15"><span class='ocrx_word' id='word_1_134' title='bbox 650 1931 791 1977; x_wconf 87' lang='grc' dir='ltr'>πάντα</span> <span class='ocrx_word' id='word_1_135' title='bbox 811 1931 930 1990; x_wconf 83' lang='grc' dir='ltr'>μάλ’,</span> <span class='ocrx_word' id='word_1_136' title='bbox 954 1931 1107 1977; x_wconf 81' lang='grc' dir='ltr'>οὕνεκα</span> <span class='ocrx_word' id='word_1_137' title='bbox 1130 1934 1227 1977; x_wconf 85' lang='grc' dir='ltr'>σεῖο</span> <span class='ocrx_word' id='word_1_138' title='bbox 1247 1932 1480 1991; x_wconf 90' lang='grc' dir='ltr'>περίφρων</span> <span class='ocrx_word' id='word_1_139' title='bbox 1501 1934 1778 1989; x_wconf 90' lang='grc' dir='ltr'>Πηνελόπεια</span> 
     </span>
     <span class='ocr_line' id='line_1_22' title="bbox 652 2004 1724 2066; baseline 0 -16"><span class='ocrx_word' id='word_1_140' title='bbox 652 2004 767 2053; x_wconf 75' lang='grc' dir='ltr'>εἶδος</span> <span class='ocrx_word' id='word_1_141' title='bbox 787 2007 1040 2066; x_wconf 83' lang='grc' dir='ltr'>ἀκιδνοτέρη</span> <span class='ocrx_word' id='word_1_142' title='bbox 1062 2006 1248 2066; x_wconf 86' lang='grc' dir='ltr'>μέγεθός</span> <span class='ocrx_word' id='word_1_143' title='bbox 1268 2005 1304 2051; x_wconf 89' lang='grc' dir='ltr'>τ’</span> <span class='ocrx_word' id='word_1_144' title='bbox 1329 2006 1390 2052; x_wconf 87' lang='grc' dir='ltr'>εἷς</span> <span class='ocrx_word' id='word_1_145' title='bbox 1410 2005 1518 2051; x_wconf 75' lang='grc' dir='ltr'>ὅντα</span> <span class='ocrx_word' id='word_1_146' title='bbox 1539 2006 1724 2051; x_wconf 73' lang='grc' dir='ltr'>ἰδέσθαι·</span> 
     </span>
     <span class='ocr_line' id='line_1_23' title="bbox 651 2078 1872 2140; baseline 0.002 -16"><span class='ocrx_word' id='word_1_147' title='bbox 651 2080 676 2137; x_wconf 89' lang='grc' dir='ltr'>ἡ</span> <span class='ocrx_word' id='word_1_148' title='bbox 698 2081 778 2138; x_wconf 82' lang='grc' dir='ltr'>μὲν</span> <span class='ocrx_word' id='word_1_149' title='bbox 797 2081 883 2140; x_wconf 84' lang='grc' dir='ltr'>γὰρ</span> <span class='ocrx_word' id='word_1_150' title='bbox 903 2083 1067 2140; x_wconf 84' lang='grc' dir='ltr'>βροτός</span> <span class='ocrx_word' id='word_1_151' title='bbox 1089 2081 1203 2133; x_wconf 85' lang='grc' dir='ltr'>ἐστι,</span> <span class='ocrx_word' id='word_1_152' title='bbox 1227 2081 1285 2126; x_wconf 88' lang='grc' dir='ltr'>σὺ</span> <span class='ocrx_word' id='word_1_153' title='bbox 1307 2079 1344 2125; x_wconf 87' lang='grc' dir='ltr'>δ’</span> <span class='ocrx_word' id='word_1_154' title='bbox 1368 2079 1581 2126; x_wconf 81' lang='grc' dir='ltr'>ἀθάνατος</span> <span class='ocrx_word' id='word_1_155' title='bbox 1601 2081 1671 2124; x_wconf 85' lang='grc' dir='ltr'>καὶ</span> <span class='ocrx_word' id='word_1_156' title='bbox 1688 2078 1872 2139; x_wconf 75' lang='grc' dir='ltr'>ἀγήρως·</span> 
     </span>
     <span class='ocr_line' id='line_1_24' title="bbox 651 2153 1754 2212; baseline 0 -14"><span class='ocrx_word' id='word_1_157' title='bbox 651 2154 769 2198; x_wconf 84' lang='grc' dir='ltr'>ἀλλὰ</span> <span class='ocrx_word' id='word_1_158' title='bbox 791 2155 860 2198; x_wconf 87' lang='grc' dir='ltr'>καὶ</span> <span class='ocrx_word' id='word_1_159' title='bbox 883 2155 940 2200; x_wconf 85' lang='grc' dir='ltr'>ὣς</span> <span class='ocrx_word' id='word_1_160' title='bbox 961 2154 1100 2199; x_wconf 76' lang='grc' dir='ltr'>ἕθελω</span> <span class='ocrx_word' id='word_1_161' title='bbox 1122 2155 1192 2198; x_wconf 85' lang='grc' dir='ltr'>καὶ</span> <span class='ocrx_word' id='word_1_162' title='bbox 1215 2153 1427 2212; x_wconf 88' lang='grc' dir='ltr'>ἐέλδομαι</span> <span class='ocrx_word' id='word_1_163' title='bbox 1449 2157 1592 2212; x_wconf 79' lang='grc' dir='ltr'>ἤματα</span> <span class='ocrx_word' id='word_1_164' title='bbox 1612 2155 1754 2199; x_wconf 88' lang='grc' dir='ltr'>πάντα</span> 
     </span>
     <span class='ocr_line' id='line_1_25' title="bbox 653 2226 1797 2286; baseline 0.001 -16"><span class='ocrx_word' id='word_1_165' title='bbox 653 2226 802 2272; x_wconf 82' lang='grc' dir='ltr'>οἴκαδέ</span> <span class='ocrx_word' id='word_1_166' title='bbox 819 2227 856 2272; x_wconf 83' lang='grc' dir='ltr'>τ’</span> <span class='ocrx_word' id='word_1_167' title='bbox 880 2227 1125 2286; x_wconf 85' lang='grc' dir='ltr'>ἐλθέμεναι,</span> <span class='ocrx_word' id='word_1_168' title='bbox 1150 2228 1219 2271; x_wconf 85' lang='grc' dir='ltr'>καὶ</span> <span class='ocrx_word' id='word_1_169' title='bbox 1241 2229 1451 2285; x_wconf 91' lang='grc' dir='ltr'>νόστιμον</span> <span class='ocrx_word' id='word_1_170' title='bbox 1471 2226 1586 2286; x_wconf 81' lang='grc' dir='ltr'>ἧμαρ</span> <span class='ocrx_word' id='word_1_171' title='bbox 1609 2227 1797 2273; x_wconf 77' lang='grc' dir='ltr'>ἰδέσθαι.</span> 
     </span>
    </p>
   </div>
   <div class='ocr_carea' id='block_1_4' title="bbox 408 2331 2209 3409">
    <p class='ocr_par' dir='ltr' id='par_1_5' title="bbox 408 2331 2209 3409">
     <span class='ocr_line' id='line_1_26' title="bbox 412 2331 2208 2422; baseline -0.002 -17"><span class='ocrx_word' id='word_1_172' title='bbox 412 2346 569 2405; x_wconf 87' lang='lat' dir='ltr'>Haec</span> <span class='ocrx_word' id='word_1_173' title='bbox 611 2347 725 2405; x_wconf 89' lang='lat' dir='ltr'>etsi</span> <span class='ocrx_word' id='word_1_174' title='bbox 767 2346 1046 2403; x_wconf 90' lang='lat' dir='ltr'>omnibus</span> <span class='ocrx_word' id='word_1_175' title='bbox 1083 2345 1204 2402; x_wconf 92' lang='lat' dir='ltr'>sint</span> <span class='ocrx_word' id='word_1_176' title='bbox 1245 2346 1306 2402; x_wconf 94' lang='lat' dir='ltr'>in</span> <span class='ocrx_word' id='word_1_177' title='bbox 1349 2365 1469 2415; x_wconf 86' lang='lat' dir='ltr'>ore,</span> <span class='ocrx_word' id='word_1_178' title='bbox 1501 2351 1709 2403; x_wconf 90' lang='lat' dir='ltr'>tamen</span> <span class='ocrx_word' id='word_1_179' title='bbox 1739 2365 1811 2403; x_wconf 92' lang='lat' dir='ltr'>ea</span> <span class='ocrx_word' id='word_1_180' title='bbox 1841 2331 2001 2403; x_wconf 85' lang='lat' dir='ltr'>nunc</span> <span class='ocrx_word' id='word_1_181' title='bbox 2038 2364 2208 2422; x_wconf 89' lang='lat' dir='ltr'>repe-</span> 
     </span>
     <span class='ocr_line' id='line_1_27' title="bbox 410 2443 2208 2523; baseline -0.001 -20"><span class='ocrx_word' id='word_1_182' title='bbox 410 2447 597 2504; x_wconf 93' lang='lat' dir='ltr'>tenda</span> <span class='ocrx_word' id='word_1_183' title='bbox 625 2445 912 2523; x_wconf 82' lang='lat' dir='ltr'>judicavi,</span> <span class='ocrx_word' id='word_1_184' title='bbox 944 2453 1264 2521; x_wconf 88' lang='lat' dir='ltr'>propterea</span> <span class='ocrx_word' id='word_1_185' title='bbox 1294 2445 1455 2520; x_wconf 91' lang='lat' dir='ltr'>quod</span> <span class='ocrx_word' id='word_1_186' title='bbox 1498 2443 1584 2500; x_wconf 94' lang='lat' dir='ltr'>nil</span> <span class='ocrx_word' id='word_1_187' title='bbox 1617 2443 2039 2502; x_wconf 89' lang='lat' dir='ltr'>vehementius</span> <span class='ocrx_word' id='word_1_188' title='bbox 2074 2464 2208 2520; x_wconf 94' lang='lat' dir='ltr'>per-</span> 
     </span>
     <span class='ocr_line' id='line_1_28' title="bbox 410 2541 2207 2618; baseline -0.001 -18"><span class='ocrx_word' id='word_1_189' title='bbox 410 2543 568 2601; x_wconf 91' lang='lat' dir='ltr'>tinet</span> <span class='ocrx_word' id='word_1_190' title='bbox 611 2544 687 2602; x_wconf 89' lang='lat' dir='ltr'>ad</span> <span class='ocrx_word' id='word_1_191' title='bbox 732 2543 862 2609; x_wconf 71' lang='grc' dir='ltr'>ἦθος·</span> <span class='ocrx_word' id='word_1_192' title='bbox 907 2541 1170 2599; x_wconf 88' lang='lat' dir='ltr'>universi</span> <span class='ocrx_word' id='word_1_193' title='bbox 1218 2541 1412 2618; x_wconf 93' lang='lat' dir='ltr'>operis</span> <span class='ocrx_word' id='word_1_194' title='bbox 1457 2541 1902 2600; x_wconf 89' lang='lat' dir='ltr'>declarandum.</span> <span class='ocrx_word' id='word_1_195' title='bbox 2002 2541 2207 2599; x_wconf 90' lang='lat' dir='ltr'>Primo</span> 
     </span>
     <span class='ocr_line' id='line_1_29' title="bbox 410 2640 2209 2719; baseline -0.001 -19"><span class='ocrx_word' id='word_1_196' title='bbox 410 2642 894 2710; x_wconf 82' lang='lat' dir='ltr'>animadvertite,</span> <span class='ocrx_word' id='word_1_197' title='bbox 926 2661 1107 2718; x_wconf 90' lang='lat' dir='ltr'>quam</span> <span class='ocrx_word' id='word_1_198' title='bbox 1149 2640 1384 2711; x_wconf 83' lang='lat' dir='ltr'>leniter,</span> <span class='ocrx_word' id='word_1_199' title='bbox 1423 2660 1725 2718; x_wconf 90' lang='lat' dir='ltr'>quamque</span> <span class='ocrx_word' id='word_1_200' title='bbox 1763 2641 2024 2719; x_wconf 87' lang='lat' dir='ltr'>benigne</span> <span class='ocrx_word' id='word_1_201' title='bbox 2069 2641 2209 2698; x_wconf 89' lang='lat' dir='ltr'>abe-</span> 
     </span>
     <span class='ocr_line' id='line_1_30' title="bbox 410 2738 2206 2817; baseline 0 -21"><span class='ocrx_word' id='word_1_202' title='bbox 410 2746 623 2797; x_wconf 89' lang='lat' dir='ltr'>untem</span> <span class='ocrx_word' id='word_1_203' title='bbox 655 2738 915 2817; x_wconf 85' lang='lat' dir='ltr'>Calypso</span> <span class='ocrx_word' id='word_1_204' title='bbox 945 2738 1321 2815; x_wconf 88' lang='lat' dir='ltr'>alloquatur:</span> <span class='ocrx_word' id='word_1_205' title='bbox 1369 2758 1487 2815; x_wconf 89' lang='lat' dir='ltr'>qua</span> <span class='ocrx_word' id='word_1_206' title='bbox 1516 2738 1580 2795; x_wconf 92' lang='lat' dir='ltr'>in</span> <span class='ocrx_word' id='word_1_207' title='bbox 1611 2758 1674 2795; x_wconf 89' lang='lat' dir='ltr'>re</span> <span class='ocrx_word' id='word_1_208' title='bbox 1704 2738 1976 2815; x_wconf 90' lang='lat' dir='ltr'>plerique</span> <span class='ocrx_word' id='word_1_209' title='bbox 2005 2744 2206 2814; x_wconf 90' lang='lat' dir='ltr'>poetae</span> 
     </span>
     <span class='ocr_line' id='line_1_31' title="bbox 409 2836 2204 2906; baseline -0.001 -11"><span class='ocrx_word' id='word_1_210' title='bbox 409 2857 531 2895; x_wconf 92' lang='lat' dir='ltr'>non</span> <span class='ocrx_word' id='word_1_211' title='bbox 603 2839 936 2896; x_wconf 89' lang='lat' dir='ltr'>mediocres</span> <span class='ocrx_word' id='word_1_212' title='bbox 1010 2838 1277 2896; x_wconf 87' lang='lat' dir='ltr'>excitare</span> <span class='ocrx_word' id='word_1_213' title='bbox 1344 2837 1540 2895; x_wconf 91' lang='lat' dir='ltr'>solent</span> <span class='ocrx_word' id='word_1_214' title='bbox 1614 2837 1839 2906; x_wconf 84' lang='lat' dir='ltr'>turbaS‚</span> <span class='ocrx_word' id='word_1_215' title='bbox 1899 2836 2204 2894; x_wconf 89' lang='lat' dir='ltr'>Didonem</span> 
     </span>
     <span class='ocr_line' id='line_1_32' title="bbox 409 2936 2205 3013; baseline -0.001 -20"><span class='ocrx_word' id='word_1_216' title='bbox 409 2936 673 3013; x_wconf 88' lang='lat' dir='ltr'>aliquam</span> <span class='ocrx_word' id='word_1_217' title='bbox 703 2938 891 3005; x_wconf 90' lang='lat' dir='ltr'>nacti,</span> <span class='ocrx_word' id='word_1_218' title='bbox 921 2938 1046 2995; x_wconf 88' lang='lat' dir='ltr'>sive</span> <span class='ocrx_word' id='word_1_219' title='bbox 1079 2937 1387 3005; x_wconf 91' lang='lat' dir='ltr'>Medeam,</span> <span class='ocrx_word' id='word_1_220' title='bbox 1414 2957 1545 3013; x_wconf 86' lang='lat' dir='ltr'>quae</span> <span class='ocrx_word' id='word_1_221' title='bbox 1576 2937 1815 2995; x_wconf 90' lang='lat' dir='ltr'>deserta</span> <span class='ocrx_word' id='word_1_222' title='bbox 1844 2936 2205 2994; x_wconf 89' lang='lat' dir='ltr'>clamoribus</span> 
     </span>
     <span class='ocr_line' id='line_1_33' title="bbox 410 3034 2206 3112; baseline -0.001 -20"><span class='ocrx_word' id='word_1_223' title='bbox 410 3034 631 3092; x_wconf 89' lang='lat' dir='ltr'>coelum</span> <span class='ocrx_word' id='word_1_224' title='bbox 683 3042 1027 3112; x_wconf 90' lang='lat' dir='ltr'>terramque</span> <span class='ocrx_word' id='word_1_225' title='bbox 1086 3036 1357 3094; x_wconf 91' lang='lat' dir='ltr'>misceat.</span> <span class='ocrx_word' id='word_1_226' title='bbox 1449 3035 1570 3094; x_wconf 84' lang='lat' dir='ltr'>Sed</span> <span class='ocrx_word' id='word_1_227' title='bbox 1632 3035 1941 3094; x_wconf 92' lang='lat' dir='ltr'>Homerus</span> <span class='ocrx_word' id='word_1_228' title='bbox 2000 3034 2206 3092; x_wconf 90' lang='lat' dir='ltr'>dedita</span> 
     </span>
     <span class='ocr_line' id='line_1_34' title="bbox 410 3133 2202 3211; baseline 0 -21"><span class='ocrx_word' id='word_1_229' title='bbox 410 3153 591 3210; x_wconf 85' lang='lat' dir='ltr'>opera</span> <span class='ocrx_word' id='word_1_230' title='bbox 621 3134 884 3192; x_wconf 91' lang='lat' dir='ltr'>declinat</span> <span class='ocrx_word' id='word_1_231' title='bbox 912 3133 1238 3192; x_wconf 62' lang='lat' dir='ltr'>&#39;amatorios</span> <span class='ocrx_word' id='word_1_232' title='bbox 1268 3135 1416 3192; x_wconf 91' lang='lat' dir='ltr'>istos</span> <span class='ocrx_word' id='word_1_233' title='bbox 1447 3134 1702 3203; x_wconf 80' lang='lat' dir='ltr'>furores3</span> <span class='ocrx_word' id='word_1_234' title='bbox 1735 3136 1795 3191; x_wconf 93' lang='lat' dir='ltr'>id</span> <span class='ocrx_word' id='word_1_235' title='bbox 1828 3135 1989 3211; x_wconf 92' lang='lat' dir='ltr'>quod</span> <span class='ocrx_word' id='word_1_236' title='bbox 2021 3133 2202 3190; x_wconf 89' lang='lat' dir='ltr'>velim</span> 
     </span>
     <span class='ocr_line' id='line_1_35' title="bbox 409 3232 2204 3310; baseline -0.001 -21"><span class='ocrx_word' id='word_1_237' title='bbox 409 3232 594 3290; x_wconf 91' lang='lat' dir='ltr'>etiam</span> <span class='ocrx_word' id='word_1_238' title='bbox 619 3242 802 3309; x_wconf 87' lang='lat' dir='ltr'>atque</span> <span class='ocrx_word' id='word_1_239' title='bbox 826 3233 1012 3290; x_wconf 87' lang='lat' dir='ltr'>etiam</span> <span class='ocrx_word' id='word_1_240' title='bbox 1037 3232 1436 3302; x_wconf 86' lang='lat' dir='ltr'>considerent,</span> <span class='ocrx_word' id='word_1_241' title='bbox 1465 3233 1681 3309; x_wconf 91' lang='lat' dir='ltr'>quibus</span> <span class='ocrx_word' id='word_1_242' title='bbox 1704 3234 1957 3310; x_wconf 79' lang='lat' dir='ltr'>poeticae</span> <span class='ocrx_word' id='word_1_243' title='bbox 1980 3232 2204 3310; x_wconf 87' lang='lat' dir='ltr'>frigent</span> 
     </span>
     <span class='ocr_line' id='line_1_36' title="bbox 408 3331 2177 3409; baseline 0.001 -23"><span class='ocrx_word' id='word_1_244' title='bbox 408 3331 641 3400; x_wconf 86' lang='lat' dir='ltr'>fabulae,</span> <span class='ocrx_word' id='word_1_245' title='bbox 674 3333 934 3409; x_wconf 91' lang='lat' dir='ltr'>demptis</span> <span class='ocrx_word' id='word_1_246' title='bbox 965 3332 1299 3389; x_wconf 89' lang='lat' dir='ltr'>amantium</span> <span class='ocrx_word' id='word_1_247' title='bbox 1331 3331 1645 3407; x_wconf 89' lang='lat' dir='ltr'>colloquiis</span> <span class='ocrx_word' id='word_1_248' title='bbox 1677 3340 1740 3389; x_wconf 92' lang='lat' dir='ltr'>et</span> <span class='ocrx_word' id='word_1_249' title='bbox 1770 3333 2177 3408; x_wconf 91' lang='lat' dir='ltr'>querimoniis.</span> 
     </span>
    </p>
   </div>
   <div class='ocr_carea' id='block_1_5' title="bbox 409 3427 2202 3604">
    <p class='ocr_par' dir='ltr' id='par_1_6' title="bbox 409 3427 2202 3604">
     <span class='ocr_line' id='line_1_37' title="bbox 497 3427 2202 3505; baseline -0.001 -20"><span class='ocrx_word' id='word_1_250' title='bbox 497 3427 795 3486; x_wconf 76' lang='lat' dir='ltr'>Praeterea</span> <span class='ocrx_word' id='word_1_251' title='bbox 842 3449 980 3496; x_wconf 89' lang='lat' dir='ltr'>non,</span> <span class='ocrx_word' id='word_1_252' title='bbox 1035 3437 1104 3486; x_wconf 89' lang='lat' dir='ltr'>ut</span> <span class='ocrx_word' id='word_1_253' title='bbox 1160 3428 1464 3487; x_wconf 91' lang='lat' dir='ltr'>Didonem</span> <span class='ocrx_word' id='word_1_254' title='bbox 1517 3438 1624 3488; x_wconf 90' lang='lat' dir='ltr'>aut</span> <span class='ocrx_word' id='word_1_255' title='bbox 1677 3429 1986 3497; x_wconf 88' lang='lat' dir='ltr'>Medeam,</span> <span class='ocrx_word' id='word_1_256' title='bbox 2039 3429 2202 3505; x_wconf 92' lang='lat' dir='ltr'>prius</span> 
     </span>
     <span class='ocr_line' id='line_1_38' title="bbox 409 3524 2202 3604; baseline 0.001 -24"><span class='ocrx_word' id='word_1_257' title='bbox 409 3524 735 3583; x_wconf 89' lang='lat' dir='ltr'>delenitam</span> <span class='ocrx_word' id='word_1_258' title='bbox 790 3527 951 3584; x_wconf 92' lang='lat' dir='ltr'>ultro</span> <span class='ocrx_word' id='word_1_259' title='bbox 1001 3527 1281 3585; x_wconf 90' lang='lat' dir='ltr'>destituit</span> <span class='ocrx_word' id='word_1_260' title='bbox 1330 3527 1595 3604; x_wconf 87' lang='lat' dir='ltr'>Ulysses.</span> <span class='ocrx_word' id='word_1_261' title='bbox 1687 3529 1851 3597; x_wconf 84' lang='lat' dir='ltr'>Quin</span> <span class='ocrx_word' id='word_1_262' title='bbox 1896 3528 2040 3585; x_wconf 91' lang='lat' dir='ltr'>totis</span> <span class='ocrx_word' id='word_1_263' title='bbox 2084 3526 2202 3582; x_wconf 91' lang='lat' dir='ltr'>illis</span> 
     </span>
    </p>
   </div>
   <div class='ocr_carea' id='block_1_6' title="bbox 1130 3649 1477 3708">
    <p class='ocr_par' dir='ltr' id='par_1_7' title="bbox 1130 3649 1477 3708">
     <span class='ocr_line' id='line_1_39' title="bbox 1130 3649 1477 3708; baseline -0.003 -14"><span class='ocrx_word' id='word_1_264' title='bbox 1130 3653 1154 3683; x_wconf 84' lang='lat' dir='ltr'>h</span> <span class='ocrx_word' id='word_1_265' title='bbox 1191 3649 1282 3695; x_wconf 90' lang='lat' dir='ltr'>Od.</span> <span class='ocrx_word' id='word_1_266' title='bbox 1306 3666 1349 3695; x_wconf 88' lang='lat' dir='ltr'>v.</span> <span class='ocrx_word' id='word_1_267' title='bbox 1376 3665 1477 3708; x_wconf 87' lang='lat'><strong>203.</strong></span> 
     </span>
    </p>
   </div>
  </div>
 </body>
</html>
