2320 4126
395 1320 1055 1388 PRAELECTIO
1127 1320 1656 1387 SECUNDA.

145 1711 460 1769 Confirmantur
479 1711 661 1768 auquria
684 1717 836 1754 nostra
866 1710 918 1754 de
939 1712 1125 1755 Poeticae
1153 1711 1400 1768 Voluptatis
1427 1711 1610 1763 ratione,
1633 1711 1900 1767 aryumentis

199 1798 222 1826 e
242 1784 449 1826 communi
462 1799 652 1827 sermone
672 1784 828 1826 ductis.
875 1784 1138 1840 Dispicitur,
1157 1783 1263 1840 quid
1271 1783 1356 1826 sibi
1375 1784 1479 1826 velit
1500 1785 1589 1826 haec
1603 1798 1686 1827 vooe
1699 1784 1899 1833 Poeseos,

200 1857 365 1912 quoties
397 1871 488 1899 eam
519 1858 587 1900 vel
612 1871 844 1913 puerorum
875 1857 945 1898 vel
977 1855 1246 1898 indoctorum
1278 1854 1409 1897 dictis
1430 1855 1629 1910 saetisve
1664 1869 1898 1898 accommo-

198 1926 361 1970 damus.
428 1927 532 1970 Tria
553 1928 699 1982 ferme
733 1932 833 1970 sunt
861 1941 1034 1983 ymera,
1055 1941 1140 1983 per
1167 1940 1259 1982 quae
1293 1926 1450 1968 rustici
1480 1926 1708 1968 inscientes
1741 1925 1899 1968 Poesin

199 1999 412 2055 quandam
423 2014 521 2056 prae
539 2014 585 2042 se
591 1999 752 2054 ferunt
769 2019 782 2041 .·
817 2013 994 2055 quorum
1005 1999 1195 2055 primum
1216 1999 1261 2040 in
1282 1997 1502 2040 admonitu
1523 1999 1725 2049 locorum,
1748 2012 1898 2040 secun-

197 2070 297 2113 dum
315 2072 362 2114 in
382 2072 584 2115 memoria
604 2077 881 2122 mortuorum,
905 2071 1077 2113 tertium
1106 2070 1153 2112 in
1183 2070 1476 2112 sacrosanctis
1505 2070 1784 2126 reliqionibus
1802 2083 1898 2113 ver·

197 2147 336 2184 satur.

296 2338 420 2396 ΟΝ
462 2359 560 2397 me
599 2342 876 2416 praeterit,
909 2339 1275 2406 Academici,
1304 2338 1494 2404 illum,
1525 2339 1624 2413 qui
1656 2339 1730 2395 ad
1761 2339 1899 2395 sub-

334 2433 441 2489 tile
469 2433 583 2489 hoc
611 2453 797 2509 genus
836 2434 1138 2491 literarum
1176 2434 1398 2510 aliquid
1435 2436 1509 2491 de
1546 2453 1652 2490 suo
1690 2434 1897 2490 afferre

138 2529 356 2604 cupiat,
395 2548 609 2604 magno
653 2548 787 2586 cum
834 2530 1096 2604 periculo
1135 2549 1327 2606 agere,
1364 2550 1441 2587 ne
1480 2530 1634 2586 forte
1678 2531 1738 2586 in
1779 2531 1898 2587 suis

139 2626 388 2681 nimium
435 2625 544 2682 sibi
591 2625 845 2700 placenS,
897 2625 1108 2682 eodem
1159 2626 1334 2700 plane
1385 2625 1629 2682 modulo
1682 2627 1897 2692 omnia,

138 2722 516 2794 quantumvis
539 2721 748 2788 aliena,
771 2722 1074 2777 metienda
1096 2722 1432 2777 arbitretur.
1503 2721 1734 2795 Itaque,
1759 2740 1897 2778 cum

138 2817 400 2873 maxime
442 2815 589 2872 illud
634 2835 850 2871 munus
882 2815 1100 2882 Poetis,
1133 2817 1367 2890 proprio
1412 2817 1575 2890 quasi
1611 2817 1763 2891 jure,
1797 2819 1899 2874 de-

137 2912 368 2977 ferrem,
415 2918 484 2966 ut
538 2918 763 2977 curent,
808 2911 1027 2985 nequid
1072 2911 1413 2968 detrimenti
1464 2912 1745 2969 mortales
1803 2932 1899 2969 ca-

137 3006 319 3080 piant,
350 3005 397 3062 si
427 3007 663 3080 quando
693 3013 797 3063 aut
834 3005 1026 3062 nolint
1067 3013 1170 3062 aut
1207 3013 1505 3080 nequeant
1547 3026 1632 3073 ea,
1666 3027 1794 3082 quae
1836 3009 1897 3064 in

134 3100 309 3156 corde
354 3102 487 3167 sint,
533 3100 729 3175 palam
780 3100 981 3168 effari3
1042 3099 1454 3176 intelligebam
1506 3119 1664 3168 sane,
1693 3089 1893 3175 ‘quam

136 3194 356 3252 difficili
380 3215 448 3252 ac
476 3195 703 3253 lubrico
726 3198 786 3252 in
817 3197 948 3253 loco
982 3214 1257 3253 versarer.
1362 3196 1653 3252 Dicebam
1685 3198 1895 3271 utique

135 3298 279 3346 tunc
325 3293 626 3365 temporiS,
677 3292 738 3347 id
789 3292 944 3366 quod
994 3292 1178 3348 etiam
1226 3298 1407 3366 atque
1456 3292 1638 3347 etiam
1693 3293 1896 3348 admo-

133 3386 306 3441 nendi
341 3393 497 3455 sunt,
530 3388 630 3460 qui
661 3407 758 3444 me
793 3387 1057 3452 audient,
1089 3405 1208 3442 non
1249 3394 1586 3443 accuratam
1615 3405 1722 3442 nos
1752 3388 1895 3443 artis

132 3480 604 3555 descriptionem,
636 3483 1028 3555 omnibusque
1058 3482 1319 3537 numeris
1349 3481 1702 3547 absolutam,
1733 3501 1895 3556 quae-

129 3593 291 3642 rere;
336 3595 528 3650 neque
575 3596 650 3633 ex
694 3595 911 3652 genere
956 3595 1023 3632 ac
1069 3575 1400 3632 differentia
1442 3575 1535 3646 (ut
1579 3595 1716 3631 cum
1748 3575 1891 3630 Dia-
