2320 4126
158 275 311 308 PRAEL.
329 274 381 307 x.
396 252 686 323 praesertim
709 249 797 301 ubi
814 248 1030 300 minima
1053 262 1258 316 qumque
1274 244 1442 296 sedulo
1459 250 1760 295 narrantur.
1787 242 1891 293 165

387 395 530 438 ἔκδεον
549 393 743 450 ἡμιόνων·
776 392 844 435 ταὶ
865 391 912 434 δὲ
931 389 1068 447 χθόνα
1086 389 1229 432 πόσα-ι
1249 387 1466 436 δατεῦντο,

386 467 609 522 ἐλδόμεναι
628 465 806 515 πεδίοιο,
829 463 899 507 διὰ
917 460 1082 521 ῥωπήϊα
1101 460 1250 504 πυκνά.

158 584 376 659 Ipsum,
421 590 488 638 ut
532 582 752 657 opinor,
796 579 1088 637 mularum
1133 579 1425 634 incessum
1469 573 1717 638 habetis,
1764 589 1895 645 pro-

156 681 302 748 vide,
351 688 413 736 et
459 699 593 737 cum
644 679 880 736 delectu
927 678 1183 753 quodam
1241 694 1347 751 per
1390 673 1709 750 asperrima
1765 670 1895 727 loca

151 778 558 853 gradientium.

382 903 537 948 πάντες
557 902 593 946 δ’
614 903 820 959 ὑλοτόμοι
840 901 1024 960 φιτροὺς
1043 901 1194 959 φέρον
1229 902 1284 945 ὣς
1303 901 1387 957 γὰρ
1407 898 1559 956 ἀνώγει

384 976 613 1031 Μηριόνης,
636 975 830 1032 θεράπων
849 973 1119 1032 ἀγαπήνορος
1137 972 1388 1030 Ἰδομενῆος·

382 1047 498 1091 κάδδ’
521 1046 586 1105 ἄρ’
609 1046 674 1091 ἐπ’
695 1048 822 1103 ἀκτῆς
841 1047 1011 1099 βάλλον
1032 1045 1268 1104 ἐπισχέρω,
1292 1044 1376 1089 ἐνθ’
1398 1044 1463 1101 ἄρ’
1485 1043 1717 1102 Ἀχιλλεὺς

381 1120 618 1176 φράσσατο
639 1121 879 1179 Πατρόκλῳ
898 1119 1009 1177 με’-γα
1028 1117 1162 1176 ἠρίον,
1183 1117 1258 1174 ἡδὲ
1279 1116 1326 1161 οἵ
1340 1118 1471 1178 αὐτῷ.

233 1223 469 1291 Quaerat
518 1223 744 1298 aliquiS,
785 1223 926 1298 quid
971 1224 1063 1290 sit,
1104 1222 1259 1297 quod
1306 1241 1376 1279 ea
1418 1228 1728 1296 tantopere
1772 1219 1895 1294 pla-

150 1319 361 1376 ceant?
435 1319 625 1376 Credo
670 1320 963 1394 equidem,
1007 1338 1126 1375 non
1171 1317 1362 1375 solum
1406 1325 1646 1393 propter
1688 1315 1893 1390 exqui-

150 1416 319 1472 sitam
363 1415 525 1472 illam
569 1415 871 1493 e'vap‘yec'av,
902 1434 1106 1471 verum
1153 1415 1333 1471 etiam
1365 1414 1641 1488 quoniam
1687 1413 1748 1468 in
1787 1410 1893 1467 tali

148 1530 209 1567 re
258 1512 454 1568 nescio
504 1512 800 1586 quomodo
847 1512 1330 1586 repuerascimuS,
1378 1517 1441 1566 et
1490 1509 1741 1584 simplici
1791 1507 1893 1564 illa

146 1607 412 1663 intuendi
470 1607 778 1683 voluptate
835 1607 1100 1674 fruimur,
1160 1626 1289 1681 quae
1348 1606 1585 1681 vigebat
1650 1606 1895 1660 ineunte

136 1704 261 1778 jam
290 1710 481 1761 aetate.

230 1799 512 1866 Eandem,
566 1802 627 1857 ni
668 1801 856 1868 fallor,
910 1802 1190 1858 chordam
1237 1801 1458 1875 tetigit,
1502 1800 1604 1856 ubi
1648 1800 1894 1854 minima

147 1896 341 1952 omnia
390 1896 617 1953 solicite
669 1898 886 1953 narrari
938 1897 1200 1963 curavit3
1264 1895 1428 1953 velut
1483 1896 1557 1952 de
1618 1895 1893 1970 Lycaone

144 1993 398 2071 primum
428 1993 502 2050 ab
533 1991 773 2051 Achille
803 1990 1034 2069 capto¹:

383 2137 832 2149 ................
847 2106 923 2148 τόν
942 2104 998 2161 ῥά
1017 2104 1111 2148 ποτ’
1135 2105 1262 2149 αὐτὸς

375 2174 452 2234 ἦγε
471 2175 620 2229 λαβὼν
641 2175 686 2219 ἐκ
705 2178 868 2233 πατρὸς
887 2176 1029 2233 ἀλωῆς
1050 2177 1124 2220 οὐκ
1147 2175 1367 2227 ἐθέλοντα,

376 2246 568 2305 ἐννύχιος
586 2249 830 2304 προμόλων·
864 2251 888 2291 ὁ
909 2248 945 2292 δ’
967 2249 1128 2306 ε’ρίνεον
1147 2247 1240 2304 ὀξέϊ
1257 2251 1407 2308 χαλκῷ

376 2320 519 2376 τάμνε,
541 2319 661 2366 νέους
681 2318 883 2377 ὄρπηκας,
904 2318 955 2364 ἵν’
976 2319 1164 2379 ἅρματος
1185 2321 1362 2379 ἄντυγες
1382 2318 1478 2364 εἶεν·

376 2394 434 2451 τῷ
457 2391 493 2436 δ’
514 2391 579 2450 ἄρ’
601 2393 813 2437 ἀνώῖστον
832 2395 959 2437 κακὸν
978 2394 1113 2450 ἤλυθε
1133 2394 1225 2439 δῖος
1243 2393 1488 2451 Ἀχιλλεύς.

227 2495 521 2563 Quorsum
578 2494 681 2552 illa
738 2496 809 2552 de
868 2496 1179 2570 caprifico?
1289 2495 1549 2553 Omnino
1609 2496 1890 2571 simplicis

145 2599 270 2648 erat
336 2591 535 2659 animi,
592 2591 736 2648 talia
798 2611 918 2648 non
985 2593 1210 2650 indicta
1276 2593 1642 2667 relinquere:
1716 2612 1891 2649 nemo

146 2694 305 2743 certe
376 2706 522 2761 puer
592 2705 662 2743 ea
732 2688 1020 2743 narrando
1093 2690 1589 2763 praetermitteret.
1679 2688 1890 2763 Itaque

146 2785 245 2858 qui
302 2802 496 2840 caram
553 2783 776 2839 habent
833 2784 992 2840 illius
1043 2786 1232 2842 aetatis
1283 2787 1647 2852 memoriam,
1700 2806 1891 2862 neque

145 2880 313 2935 inviti
372 2880 434 2934 in
491 2879 707 2935 talibus
764 2888 1086 2947 morantur,
1145 2900 1337 2956 neque
1402 2881 1524 2938 ulla
1588 2901 1664 2938 ex
1722 2891 1890 2957 parte

144 2974 421 3051 languere
450 2994 520 3031 ea
549 2976 807 3032 carmina
836 2976 1116 3032 sentiunt.

228 3162 316 3219 Ut
373 3165 553 3240 igitur
609 3165 922 3240 aliquando
991 3187 1294 3242 perorem:
1363 3169 1694 3225 Homerum
1756 3177 1887 3224 tum

87 3307 90 3310 Α
143 3259 203 3313 111
246 3260 595 3335 imaginibus
639 3261 980 3337 deligendis,
1011 3271 1139 3319 tum
1186 3266 1245 3320 in
1291 3265 1442 3340 stylo
1485 3267 1885 3340 temperandO,

142 3355 356 3409 mirum
416 3355 477 3410 in
534 3357 775 3412 modum
827 3358 937 3414 sibi
997 3366 1282 3426 constare,
1334 3367 1402 3415 ut
1459 3361 1647 3434 siquid
1709 3361 1886 3427 aliud,

142 3448 432 3505 uberrime
500 3451 813 3509 confirmo:
887 3453 1034 3509 illud
1097 3461 1298 3510 autem
1358 3474 1462 3529 per
1519 3458 1716 3512 omnia
1773 3458 1882 3532 agi,

858 3597 869 3621 ¹
905 3598 956 3641 11.
980 3599 1068 3642 xxi.
1092 3614 1163 3656 35.
