2320 4126
180 278 333 310 PRAEL.
354 277 425 308 x1.
485 256 615 326 poni
638 254 710 306 ibi
735 254 866 306 velut
888 253 1134 322 specimen
1160 253 1382 304 nautiooe
1393 252 1610 321 fabuloe.
1821 258 1927 311 187

186 406 317 475 post
347 416 480 453 eum
515 397 724 452 versati
759 402 895 452 sunt
925 395 986 450 in
1017 395 1225 450 eodem
1272 394 1438 460 loco;
1484 394 1584 468 qui
1630 393 1792 450 locus
1838 402 1928 450 est

180 498 239 552 in
270 494 703 552 commentariis
745 491 1063 548 Poetarum
1104 497 1285 565 atque
1325 492 1384 547 in
1424 491 1926 565 peregrinantium

181 591 393 649 fabulis
423 590 767 655 uberrimus,
799 588 1077 644 videlicet
1108 588 1181 644 de
1211 588 1296 654 iis,
1331 606 1475 662 quos
1506 586 1659 643 forte
1700 587 1930 643 naufra-

179 690 340 765 gium
379 688 617 762 ejecerit
653 686 711 740 in
744 685 913 741 littus
954 684 1188 758 aliquod
1222 703 1508 747 vacuum:
1557 684 1697 759 quid
1733 690 1928 759 agant,

181 804 296 859 quo
352 803 414 841 se
471 783 771 857 recipiant,
830 782 1329 855 quemadmodum
1388 782 1614 837 victum
1672 788 1734 836 et
1795 781 1930 836 vitae

181 882 488 939 commoda
516 885 741 954 parent.

264 979 396 1047 Quo
446 978 505 1033 in
553 989 767 1052 genere
816 976 1033 1050 primas
1084 980 1266 1039 tenet,
1321 981 1383 1030 et
1436 992 1684 1048 semper,
1736 975 1928 1041 cred0,

182 1073 408 1131 tenebit
450 1070 693 1127 historia
735 1069 855 1135 illa,
887 1068 980 1124 vel
1024 1069 1219 1143 pueris
1263 1069 1586 1136 notissima,
1618 1071 1690 1126 de
1730 1071 1930 1128 navita

182 1169 433 1245 quodam
490 1172 767 1231 nostrate,
828 1165 1140 1221 duodecim
1198 1184 1381 1221 annos
1432 1166 1557 1222 solo
1618 1167 1930 1224 exsulante

180 1268 240 1322 in
291 1261 554 1321 Australi
601 1262 850 1337 quadam
910 1261 1117 1318 insula.
1235 1261 1397 1327 Fuit,
1453 1262 1566 1317 fuit
1624 1262 1770 1319 illud
1829 1268 1931 1319 ex-

182 1361 374 1419 silium
431 1358 794 1416 simillimum
846 1376 1046 1413 eorum
1107 1376 1236 1430 quae
1296 1357 1368 1411 de
1425 1356 1638 1431 Ulysse
1697 1378 1931 1415 narran-

183 1466 309 1525 tur;
370 1455 694 1531 praesertim
747 1455 848 1510 ubi
896 1454 944 1510 is
990 1454 1064 1510 ad
1116 1462 1304 1510 ratem
1357 1453 1779 1511 conficiendam
1831 1475 1931 1531 ag-

182 1553 479 1630 greditur:
538 1552 713 1607 modo
768 1550 1111 1626 Nympham
1165 1548 1328 1606 illam
1375 1569 1493 1605 non
1542 1550 1726 1608 oculis
1770 1553 1929 1608 cerni

135 1656 137 1658 ’
182 1648 488 1724 intelligaS,
534 1649 632 1704 sed
678 1649 879 1704 adesse
925 1648 1217 1721 quendam
1271 1648 1433 1722 quasi
1484 1646 1742 1704 Genium
1797 1648 1927 1715 loci,

184 1747 280 1821 qui
321 1753 630 1821 postquam
663 1745 761 1800 diu
802 1751 1152 1800 moerentem
1185 1744 1524 1811 detinuerit,
1557 1745 1655 1800 vix
1686 1746 1926 1802 tandem

182 1844 420 1918 incipiat
449 1848 774 1898 monstrare
806 1840 1005 1916 effugii
1037 1841 1190 1896 viam
1206 1849 1244 1895 e.

415 1992 482 2035 καὶ
503 1990 588 2035 τότ’
609 1990 807 2047 Ὀδυσσῇ
828 1989 1090 2049 μεγαλήτορι
1110 1989 1267 2047 μήδετο
1289 1990 1475 2047 πομπήν·

415 2064 522 2107 δῶκε
542 2061 619 2120 μέν
639 2064 679 2105 οἶ
698 2061 882 2106 πέλεκυν
902 2061 1036 2120 μέγαν
1055 2063 1237 2120 ἄρμενον
1256 2062 1301 2106 ἐν
1318 2065 1561 2118 παλαμῇσι,

415 2136 522 2178 δῶκε
543 2134 578 2178 δ’
600 2131 747 2178 ἔπειτα
768 2133 1009 2192 σκέπαρνον
1030 2133 1197 2188 ἐΰξουν·
1233 2132 1339 2191 ἦρχε
1362 2133 1398 2177 δ’
1422 2134 1541 2177 ὁδοῖο

414 2206 548 2262 νήσου
569 2205 632 2250 ἐπ’
656 2206 877 2263 ἐσχατιῇς,
901 2206 968 2250 ὅθι
990 2205 1165 2265 δένδρεα
1186 2207 1325 2263 μακρὰ
1347 2205 1543 2263 πεφύκει,

414 2277 575 2335 κλήθρη
596 2277 631 2322 τ’
655 2276 841 2336 αἴγειρός
860 2277 912 2330 τ’,
935 2277 1064 2334 ἐλάτη
1086 2278 1121 2321 τ’
1144 2277 1195 2334 ἧν
1215 2278 1516 2336 οὐρανομήκης,

413 2347 494 2392 αὖα
513 2348 660 2400 πάλαι,
681 2349 904 2405 περίκηλα,
927 2348 979 2392 τά
999 2351 1038 2391 οἱ
1059 2351 1245 2393 πλώοιεν
1265 2350 1484 2407 ἐλαφρῶς.

413 2421 546 2477 αὐτὰρ
568 2423 591 2464 ὁ
613 2420 791 2477 τάμνετο
813 2421 957 2478 δοῦρα·
993 2421 1102 2467 θοῶς
1122 2420 1168 2464 δέ
1190 2422 1231 2464 οἷ
1251 2424 1378 2478 ἤνυτο
1397 2420 1543 2480 ἔργον·

415 2489 551 2535 εἵκοσι
573 2490 609 2534 δ’
630 2488 792 2543 ἔκβαλε
812 2491 962 2543 πάντα,
985 2491 1248 2548 πελέκκησεν
1270 2492 1305 2535 δ’
1329 2492 1410 2550 ἄρα
1430 2495 1595 2552 χαλκῷ,

414 2559 550 2615 ξέσσε
571 2560 606 2603 δ’
630 2560 932 2617 ἐπισταμένως,
957 2563 1024 2604 καὶ
1046 2562 1116 2605 ἐπὶ
1138 2561 1333 2618 στάθμην
1352 2561 1507 2606 ἴθυνεν·

415 2635 559 2691 τόφρα
581 2632 616 2676 δ’
638 2631 770 2677 ἔνεικε
791 2633 969 2692 τέρετρα
995 2633 1195 2691 Καλύψω
1218 2634 1287 2676 διὰ
1309 2633 1455 2677 θεάων·

416 2702 612 2761 τέτρηνεν
634 2704 669 2747 δ’
692 2704 774 2763 ἄρα
793 2704 943 2756 πάντα,
966 2706 1035 2747 καὶ
1055 2706 1246 2762 ἥρμοσεν
1266 2703 1542 2760 ἀλλήλοισιν

415 2776 559 2832 τόφρα
580 2775 626 2818 δὲ
647 2774 770 2832 φάρε’
791 2773 925 2818 ἔνεικε
947 2774 1145 2832 Καλύψω
1167 2776 1236 2818 διὰ
1258 2774 1392 2818 θεάων

416 2846 532 2889 ἱστία
551 2845 831 2901 ποιήσασθαι·
865 2849 888 2889 ὁ
911 2845 947 2890 δ’
971 2845 1016 2890 εὗ
1037 2845 1278 2904 τεχνήσατο
1305 2847 1373 2889 καὶ
1393 2845 1458 2890 τά.

419 2919 464 2962 ἐν
484 2918 520 2961 δ’
542 2918 699 2976 ὑπέρας
720 2937 765 2961 τε
787 2917 943 2963 κάλους
962 2937 1008 2961 τε
1028 2919 1163 2963 πόδας
1183 2917 1219 2961 τ’
1243 2917 1443 2973 ἐνέδησεν
1464 2918 1510 2961 ἐν
1529 2919 1650 2974 αὐτῇ·

415 2992 648 3048 μόχλοισιν
669 2989 704 3033 δ’
727 2989 808 3047 ἄρα
830 2989 956 3047 τήνγε
979 2990 1228 3047 κατείρυσεν
1249 2990 1308 3034 εἷς
1328 2990 1414 3033 ἅλα
1436 2990 1544 3033 δῖαν.

270 3121 442 3188 Quod
500 3123 547 3177 si
605 3123 790 3178 cuivis
848 3142 917 3179 ea
975 3122 1307 3198 legentibus
1374 3123 1531 3178 ultro
1599 3123 1797 3178 veniat
1869 3123 1929 3178 in

186 3218 445 3272 animum
478 3237 547 3275 ea
576 3238 748 3292 quam
788 3239 894 3276 nos
939 3221 1115 3276 modo
1155 3220 1521 3275 instituimus
1552 3219 1928 3292 comparatiO,

186 3313 462 3368 nimirum
519 3333 609 3370 res
666 3315 789 3389 ipsa
848 3316 1038 3381 docet,
1098 3314 1461 3380 Academici,
1521 3333 1698 3388 quam
1756 3315 1930 3370 unice

187 3408 246 3462 in
278 3406 560 3482 Odysseia
603 3411 937 3467 dominetur
980 3411 1197 3484 patriae,
1231 3411 1456 3475 domuS,
1497 3428 1735 3465 suorum
1781 3410 1930 3465 desi-

190 3505 430 3560 derium.

892 3607 912 3629 e
946 3598 1034 3642 Od.
1054 3614 1095 3642 v.
1121 3613 1220 3655 233.
