2320 4126
131 269 283 302 PRAEL.
303 268 413 299 vm.
478 246 655 318 quibus
683 246 831 315 quasi
851 243 1099 314 yradibus
1125 245 1182 295 in
1208 245 1365 296 lucem
1380 248 1614 315 prodeat.
1776 254 1881 307 107

133 388 479 452 intenderet,
515 387 706 461 ipsum
745 401 941 442 coram
979 386 1039 441 in
1078 404 1314 442 scenam
1355 393 1534 461 atque
1578 387 1639 443 in
1680 388 1884 446 oculos

135 485 314 543 rarius
344 488 634 539 evocaret.

216 579 369 644 Jam,
413 595 529 651 quo
580 576 774 631 minus
825 574 1079 631 feliciter
1128 594 1205 632 ex
1258 594 1328 632 ea
1377 583 1545 651 parte
1591 575 1885 651 Spensero

136 694 224 732 res
253 673 506 740 cesserit,
536 672 641 729 tali
675 672 813 737 vir0,
848 678 970 727 tam
1001 673 1118 728 acri
1150 673 1403 748 ingeniO,
1434 681 1559 729 tam
1590 675 1886 748 exquisito

137 789 255 845 prae
299 767 520 824 caeteris
556 766 800 841 judicio,
849 783 920 821 eo
965 767 1154 842 magis
1198 766 1527 823 laudandus
1565 766 1885 836 HomerUS‚

138 864 235 940 qui
285 863 344 918 in
386 860 624 918 Achille
675 879 780 916 suo
838 861 997 917 idem
1049 862 1223 936 plane
1274 882 1393 918 non
1451 862 1640 919 voluit
1689 865 1885 930 modO,

138 979 336 1017 verum
367 959 546 1015 etiam
577 959 974 1032 copiosissime
1004 960 1204 1033 potuit
1228 960 1491 1033 exsequi.
1559 959 1884 1016 Neminem

139 1057 292 1115 enim
332 1055 502 1130 fugit,
540 1055 764 1129 opinor,
803 1054 1133 1111 desiderare
1177 1055 1398 1129 aliquid
1443 1054 1644 1111 oculos
1688 1055 1888 1131 legen-

139 1153 303 1218 tium,
348 1150 441 1208 vel
486 1151 747 1207 maxima
792 1158 959 1225 parte
1009 1151 1226 1217 Iliadis,
1276 1151 1501 1208 latente
1545 1170 1614 1208 ac
1658 1158 1887 1207 remoto

141 1246 393 1305 Achille.

223 1343 516 1418 Quicquid
546 1362 794 1418 usquam
827 1349 1012 1419 agunt
1043 1340 1280 1411 Achivi,
1310 1361 1415 1399 seu
1446 1344 1887 1410 concionentur,

141 1440 259 1497 sive
301 1438 488 1496 aciem
527 1438 837 1505 instruant,
869 1458 971 1495 seu
1013 1439 1087 1494 de
1127 1438 1408 1504 curribus,
1446 1457 1550 1493 seu
1587 1438 1660 1493 de
1705 1439 1889 1512 equiS,

141 1555 242 1594 seu
279 1536 352 1593 de
394 1536 569 1592 armis
607 1535 712 1593 fiat
757 1535 1028 1610 quaestiO,
1078 1535 1332 1591 occurrit
1383 1535 1603 1610 ubique
1634 1533 1890 1592 Achillis

141 1631 436 1689 memoria.

429 1752 578 1796 Multa
596 1751 679 1796 viri
699 1751 839 1795 virtus
862 1751 1020 1795 animis
1041 1752 1300 1808 multusque
1319 1758 1517 1795 recursat

431 1821 587 1866 Gentis
607 1822 768 1866 honos.

145 1976 232 2036 Ea
286 1997 424 2036 vero
485 1979 682 2036 omnia
739 1977 920 2053 (quod
986 1978 1315 2034 maximum
1388 1979 1502 2053 est)
1563 1985 1772 2053 sponte
1830 1998 1891 2035 se

144 2073 410 2142 offerunt,
454 2081 516 2131 et
559 2093 679 2130 non
722 2081 931 2130 vocata
974 2073 1349 2148 respondent.
1440 2073 1718 2148 Exempli
1762 2073 1893 2131 loco

144 2171 259 2227 sint
288 2190 372 2237 ea,
403 2190 532 2246 quae
570 2171 631 2227 in
670 2170 1010 2229 recensione
1040 2170 1280 2227 navium
1312 2177 1628 2246 ponuntur,
1659 2170 1895 2246 elegan-

144 2267 366 2325 tissima
394 2287 565 2326 sane:

374 2387 538 2444 ἀνδρῶν
557 2386 610 2431 αυ
629 2386 723 2445 μέγ’
746 2387 925 2445 ἄριστος
945 2388 1018 2442 ἔην
1038 2388 1307 2443 Τελαμώνιος
1328 2385 1446 2437 Αἴας,

377 2459 478 2518 οφρ’
499 2459 698 2517 Ἀχιλεὺς
717 2459 875 2516 μήνιεν·
910 2462 933 2502 ὁ
954 2460 1037 2517 γὰρ
1059 2459 1174 2502 πολὺ
1195 2457 1454 2517 φέρτατος’
1431 2478 1517 2514 ηεν,

376 2531 498 2576 ἵπποι
519 2531 573 2584 θ,
595 2534 635 2575 οἱ
656 2532 946 2589 φορέεσκον’
922 2531 1116 2589 αμῦμονα
1137 2531 1375 2587 Πηλείωνα.

378 2603 477 2647 ἀλλ’
499 2605 523 2647 ὁ
544 2603 622 2660 μὲν
642 2604 686 2647 ἐν
707 2602 862 2658 νήεσσι
884 2603 1086 2660 κορωνίσι
1106 2605 1419 2660 ποντοπόροισι

379 2673 493 2726 κεῖτ’,
515 2673 811 2731 ἀπομηνίσας’
816 2674 1099 2732 Αγαμέμνονι,
1121 2673 1290 2730 ποιμένι
1309 2676 1442 2725 λαῶν,

377 2744 588 2802 Ἀτρεΐδῃ·
620 2745 721 2788 λαοὶ
743 2745 790 2788 δὲ
810 2746 926 2802 παρὰ
945 2744 1116 2802 ῥηγμῖνι
1138 2745 1368 2800 θαλάσσης

382 2815 599 2859 δίσκοισιν
619 2815 825 2872 τέρποντο
847 2816 913 2858 καὶ
935 2815 1182 2873 αἰγανέῃσιν
1203 2814 1348 2867 ἱέντες,

381 2887 578 2944 τόξοισίν
597 2886 649 2931 θ’·
682 2885 804 2932 ἵπποι
826 2887 872 2931 δὲ
892 2886 991 2945 παρ’
1013 2885 1202 2944 ἅρμασιν
1222 2885 1337 2930 οἷσιν
1356 2886 1552 2939 ἕκαστος,

382 2960 523 3003 λωτὸν
543 2959 829 3016 ἐρεπτόμενοι,
853 2959 1141 3017 ἐλεόθρεπτόν
1160 2977 1207 3002 τε
1232 2959 1427 3011 σέλινον,

383 3027 587 3073 ἕστασαν·
619 3027 786 3088 ἅρματα
807 3028 843 3073 δ’
867 3030 913 3072 εὖ
933 3029 1238 3086 πεπυκασμένα
1259 3032 1371 3074 κεῖτο
1393 3030 1581 3075 ἀνάκτων

383 3100 429 3143 ἐν
448 3101 631 3156 κλισίῃς·
664 3102 704 3144 οἱ
725 3100 761 3145 δ’
785 3101 921 3159 ἄρχον
939 3100 1196 3159 Ἀρηΐφιλον
1214 3102 1443 3148 ποθέοντες

381 3169 546 3226 φοίτων
566 3171 666 3215 ἔνθα
686 3171 754 3214 καὶ
774 3171 874 3215 ἔνθα
894 3173 1000 3216 κατὰ
1021 3175 1225 3230 στρατόν,
1247 3172 1336 3216 οὐδ’
1361 3174 1573 3230 ἐμάχοντο
1585 3180 1622 3216 a.

155 3322 404 3382 Illustris
434 3345 571 3383 vero
601 3334 664 3384 et
700 3328 941 3385 evidens
969 3330 1243 3395 narratiO,
1274 3347 1522 3404 quaeque
1561 3347 1687 3385 rem
1726 3327 1901 3403 plane

156 3419 337 3477 oculis
365 3422 652 3496 subjiciat.
743 3424 894 3499 Ipsis
929 3426 990 3481 in
1026 3424 1298 3481 litoribus
1329 3425 1565 3499 spatiari
1596 3425 1900 3480 videmus:

155 3513 434 3575 militares
489 3518 599 3592 ipsi
657 3518 818 3587 lusus
884 3522 1195 3588 cernimUS,
1249 3520 1776 3596 Myrmidonasque
1840 3520 1902 3575 in

878 3633 902 3656 a
934 3625 986 3670 11.
1007 3626 1053 3670 ii.
1079 3625 1177 3683 768·
