2320 4126
444 1159 1102 1228 PRAELECTIO
1169 1154 1634 1226 OCTAVA.

915 1389 1152 1399 ..—-—-

161 1544 424 1602 Disputatur
451 1547 606 1590 iterum
636 1547 688 1591 de
707 1547 895 1591 Achillis
917 1560 1122 1604 persona,
1147 1546 1352 1603 primum,
1376 1559 1458 1602 quo
1489 1544 1669 1588 consilio
1701 1543 1914 1586 Homerus

225 1624 376 1661 cuncta
407 1619 468 1662 ad
496 1634 587 1662 eam
618 1621 816 1663 retulerit
827 1638 847 1668 ,·
892 1618 1044 1662 deiude
1068 1618 1221 1675 quibus
1251 1618 1377 1674 quasi
1404 1616 1615 1673 yradibus
1642 1609 1795 1672 yloriae
1825 1615 1915 1670 ejus

219 1688 466 1745 imposuerit
505 1692 727 1735 cumulum.
807 1690 924 1739 Quid
962 1691 1008 1732 in
1049 1704 1099 1733 ea
1140 1705 1188 1732 re
1229 1690 1403 1733 valeant
1444 1695 1532 1731 tum
1569 1687 1782 1738 Patrocli,
1825 1692 1913 1728 tum

219 1760 423 1804 Hectoris
454 1763 676 1818 eoesequioe.
738 1762 1018 1819 Compouitur
1038 1762 1232 1805 Achilles
1262 1775 1357 1806 cum
1389 1760 1571 1811 caeteriS,
1599 1759 1673 1815 qui
1699 1760 1746 1801 in
1773 1757 1914 1801 Iliade

218 1831 465 1885 laudantur,
487 1833 780 1878 bellatoribus.

217 2035 220 2037 ·
288 2013 414 2071 TSI
439 2016 707 2072 nonnihil
736 2034 957 2084 vereor,
978 2014 1344 2082 Academici,
1369 2033 1445 2071 ne
1474 2014 1536 2070 in
1565 2032 1684 2069 uno
1715 2012 1910 2070 forsan

328 2111 615 2169 curriculo
672 2111 847 2168 nimis
897 2113 999 2168 diu
1050 2112 1267 2168 versari
1319 2111 1535 2177 videar,
1591 2108 1913 2165 Homerica

161 2220 377 2275 tamen,
421 2216 483 2265 et
529 2208 766 2282 quidem
805 2206 1119 2274 Achilleia,
1160 2207 1337 2263 tertia
1372 2207 1498 2282 jam
1545 2206 1673 2262 vice
1719 2205 1912 2280 profe-

159 2304 339 2360 renda
376 2303 654 2378 judicavi.
759 2302 1001 2360 Etenim
1061 2322 1197 2359 cum
1250 2302 1324 2358 de
1380 2302 1655 2358 universa
1702 2300 1910 2358 Poetae

159 2399 355 2456 indole
389 2400 569 2456 fiebat
599 2401 867 2474 quaestiO,
896 2399 1046 2455 nihil
1075 2399 1223 2456 mihi
1253 2399 1551 2473 antiquius
1582 2399 1910 2465 videbatur,

164 2513 338 2569 quam
373 2495 555 2570 probe
595 2513 765 2552 nosse
808 2495 972 2551 illam
1011 2514 1340 2570 personam,
1371 2494 1466 2550 cui
1497 2493 1698 2551 dedita
1736 2514 1913 2570 opera

158 2589 372 2663 primas
428 2588 530 2645 ille
589 2589 822 2646 detulit.
925 2588 1124 2657 Quare
1182 2590 1354 2645 venia
1410 2588 1487 2645 sit
1543 2588 1730 2654 nobis,
1790 2608 1908 2654 or0‚

157 2685 371 2741 iterum
405 2685 532 2759 jam
571 2685 634 2740 in
673 2703 909 2741 scenam
940 2685 1372 2741 deducentibus
1401 2683 1721 2752 Achillem,
1752 2686 1911 2760 prin-

158 2781 349 2856 cipem
412 2780 582 2836 illum
651 2786 712 2836 et
769 2782 934 2855 quasi
1003 2781 1370 2837 conditorem
1438 2782 1623 2838 totius
1693 2782 1908 2858 ubique

158 2874 411 2932 nationis
442 2873 731 2931 Heroum.

259 2970 454 3038 Quem
506 2970 801 3044 quoniam,
859 2977 928 3027 ut
985 2971 1170 3047 potui,
1222 2972 1517 3030 vindicavi
1574 2975 1650 3031 ab
1706 2974 1909 3049 iniqua

158 3064 391 3122 Horatii
435 3084 697 3132 censura,
738 3072 975 3142 tempus
1008 3068 1134 3142 jam
1180 3069 1291 3125 erit
1337 3070 1692 3144 exponendi,
1729 3090 1907 3144 quam

153 3162 430 3238 praeclare
474 3163 598 3238 ejus
636 3162 840 3239 gloriae
881 3165 1161 3222 inserviat
1202 3166 1508 3223 universus
1543 3166 1666 3222 fere
1703 3165 1907 3223 Iliadis

157 3258 431 3315 decursus
461 3278 473 3314 ε
562 3277 758 3315 rerum
830 3278 1007 3326 nexu,
1074 3261 1276 3317 ordine
1347 3279 1671 3328 causarum,
1745 3263 1906 3317 omni

156 3360 426 3428 respectu
489 3361 552 3410 et
616 3355 763 3411 serie
829 3354 1104 3430 partium.
1219 3355 1469 3424 Deinde,
1534 3357 1905 3414 conferamus

156 3466 290 3505 cum
360 3449 488 3506 aliis
552 3450 954 3518 bellatoribUS,
1020 3471 1166 3526 quos
1237 3471 1343 3508 suo
1411 3471 1706 3527 quemque
1772 3452 1903 3508 loco

160 3543 402 3620 scriptor
444 3546 696 3614 induxit,
738 3548 988 3615 variatis,
1028 3549 1176 3604 mira
1218 3554 1361 3615 arte,
1401 3549 1663 3606 moribus
1713 3549 1905 3623 cujus-
