2320 4126
181 198 294 251 380
515 198 730 272 Tripleoe
760 200 1080 255 Cassandrae
1103 200 1402 272 AEsolzyleoe
1426 201 1557 255 laus.
1710 219 1868 253 PRAEL.
1894 219 1985 254 xx.

181 346 481 421 potuisset
525 347 588 404 in
633 365 844 404 eorum
882 366 1067 406 censu
1112 346 1339 416 haberi,
1377 347 1642 424 erumpit
1686 346 1850 405 illico
1895 367 1988 406 re-

181 443 434 520 pentino
465 445 633 521 quasi
663 445 899 523 gemitu
919 440 967 503 i:

545 587 612 643 ἴω,
635 589 790 649 πατέρ,
814 592 917 644 σοῦ,
939 594 1027 636 τῶν
1046 608 1095 636 τε
1114 590 1324 650 γενναίων
1343 589 1518 636 τέκνων.

182 720 335 780 Haec
372 722 474 799 qui
521 722 675 780 serio
713 721 864 782 velit
907 723 1407 793 animadvertere,
1446 723 1670 782 sentiet
1711 723 1984 801 profecto

181 822 536 881 Cassandrae
568 823 824 882 oraculis
854 843 976 880 non
1007 822 1282 900 paullum
1327 822 1642 901 gravitatis
1679 824 1985 893 accedere,

181 921 344 998 quod
381 941 454 980 ea
496 921 724 980 mitiori
755 923 834 982 sit
870 922 1091 992 indole,
1123 941 1323 999 neque
1355 921 1746 980 obliviscatur
1789 923 1986 980 teneri

181 1039 251 1078 ac
296 1020 566 1078 foeminei
607 1021 879 1092 affectus,
911 1022 1114 1081 furore
1148 1022 1336 1080 etiam
1368 1020 1641 1080 Phoebeo
1675 1028 1985 1098 correpta;

180 1139 301 1196 quo
355 1138 525 1177 more
585 1120 784 1180 solent
834 1120 1193 1199 plerumque
1245 1121 1406 1198 apud
1453 1120 1678 1179 Poetas
1726 1121 1986 1179 fatidicae

179 1218 483 1277 mulieres

269 1316 482 1377 Liceat
523 1319 622 1377 hic
652 1320 861 1397 paucis
900 1332 1224 1398 exponere,
1256 1339 1388 1397 quae
1416 1319 1683 1378 maxime
1714 1320 1778 1377 in
1808 1338 1989 1379 causa

181 1437 312 1476 esse
358 1418 698 1489 videantur,
744 1440 853 1478 cur
902 1420 966 1477 in
1012 1420 1347 1479 Cassandra
1393 1418 1713 1497 AEschylus
1757 1418 1989 1477 felicio-

180 1537 311 1576 rem
356 1519 624 1595 posuerit
669 1539 933 1597 operam,
967 1539 1149 1596 quam
1193 1519 1411 1596 reliqui
1456 1519 1648 1577 ferme
1678 1518 1888 1576 Poetae
1923 1517 1987 1574 in

180 1617 511 1694 auguribus
542 1618 681 1676 suis.
772 1618 849 1676 Id
893 1618 1117 1695 triplici
1162 1618 1548 1695 potissimum
1587 1618 1822 1676 ratione
1857 1617 1986 1675 fieri

180 1716 454 1774 arbitror.
545 1717 771 1787 Prim0‚
803 1717 965 1794 quod
998 1737 1071 1775 ea
1106 1736 1305 1794 neque
1335 1716 1532 1794 pretio
1563 1736 1761 1794 neque
1794 1716 1851 1773 vi
1881 1716 1988 1774 ob-

180 1815 390 1872 stricta
421 1816 802 1874 vaticinetur.
895 1814 1120 1893 Neque
1151 1816 1228 1875 de
1259 1816 1589 1894 longinquo
1621 1835 1758 1875 eam
1793 1836 1989 1875 arces-

179 1923 322 1974 sunt
365 1915 663 1985 homineS,
695 1914 866 1973 velut
906 1915 1132 1973 Protea
1167 1914 1489 1991 quendam,
1530 1921 1638 1972 aut
1669 1912 1986 1991 Sibyllam,

179 2033 318 2090 quae
362 2014 425 2070 in
470 2011 682 2071 alienis
727 2013 871 2071 edat
917 2012 1194 2082 oracula3
1247 2032 1460 2070 verum
1505 2012 1668 2070 ultro
1705 2013 1873 2070 venit
1922 2012 1987 2070 in

179 2112 455 2169 ordinem
496 2111 583 2169 rei
628 2111 931 2189 gerendae,
965 2132 1097 2188 quae
1128 2119 1192 2169 et
1222 2112 1512 2170 divinitus
1557 2112 1762 2170 futura
1805 2130 1988 2168 nove-

179 2210 276 2279 rit,
323 2217 387 2268 et
431 2216 680 2287 propter
726 2229 791 2268 se
835 2229 1095 2286 suosque
1142 2218 1409 2288 nequeat
1462 2211 1576 2269 sibi
1628 2217 1985 2288 temperare,

178 2308 326 2384 quin
371 2315 518 2366 nota
561 2308 872 2384 praedicet.
962 2307 1204 2367 Deinde
1233 2308 1384 2367 nihil
1416 2327 1488 2366 ea
1518 2327 1843 2367 commune
1880 2308 1988 2367 ha-

178 2406 286 2465 bet
338 2425 480 2464 cum
531 2405 791 2463 molesta
841 2405 949 2464 illa
1004 2407 1253 2465 natione
1313 2407 1722 2484 haruspicum.
1837 2406 1983 2465 Non

180 2503 338 2563 extis
367 2503 716 2572 hariolatur,
742 2523 866 2562 non
895 2504 1141 2564 avibus:
1186 2525 1223 2564 a
1244 2505 1379 2564 Diis
1411 2506 1618 2564 statim
1648 2506 1778 2583 ipsa
1807 2505 1987 2565 doce-

178 2609 298 2670 tur,
349 2622 482 2680 quae
534 2602 612 2661 ab
660 2622 733 2661 ea
785 2623 989 2662 rursus
1042 2605 1314 2665 ediscant
1366 2605 1678 2676 homines;
1731 2612 1802 2664 ut
1855 2606 1984 2682 ejus

179 2702 399 2760 notitia
441 2701 695 2759 minimo
739 2702 1063 2762 intervallo
1109 2705 1368 2782 separari
1406 2704 1685 2763 videatur
1735 2703 1812 2762 ab
1854 2703 1986 2781 ipsa

179 2820 535 2878 superorum
595 2800 907 2878 sapientia.
999 2801 1339 2872 PostremO,
1381 2823 1519 2880 quae
1564 2803 1810 2880 quidem
1857 2822 1986 2860 om-

178 2899 350 2957 nium
381 2899 648 2958 maxime
678 2920 800 2958 una
828 2920 924 2959 res
961 2901 1240 2978 percellit
1270 2902 1520 2973 animOS,
1551 2901 1771 2980 insigni
1803 2902 1987 2959 docu-

176 3005 387 3056 mento
429 2999 499 3056 fit
544 2998 896 3069 Cassandra,
943 3007 1241 3077 quantum
1293 3001 1595 3079 accipiant
1640 3001 1752 3060 sibi
1802 3002 1987 3060 detri-

177 3103 458 3156 mentum
484 3098 588 3175 qui
619 3097 872 3157 scientia
900 3099 1251 3177 praecellere
1278 3101 1588 3179 gestiunt3
1618 3101 1804 3178 juxta
1832 3099 1985 3159 illud

179 3196 450 3276 AEschyli
481 3198 688 3268 nostri,

542 3337 593 3381 τὸ
613 3335 788 3393 μέλλον
809 3335 865 3391 δ’,

542 3410 636 3456 ἐπεὶ
657 3411 709 3455 οὗ
729 3409 888 3470 γενοίτ’
909 3409 963 3456 ἂν
981 3410 1129 3465 λύσις,
1157 3413 1450 3473 προχαιρέτω·

546 3482 647 3531 ἴσον
667 3486 716 3530 δὲ
736 3489 797 3547 τῷ
819 3484 1096 3545 προστένειν.

902 3656 915 3687 i
947 3657 1103 3715 Ayam.
1131 3658 1262 3717 1276.
