2320 4126
637 932 1314 1001 PRAELECTIO
1375 929 1868 1008 QUARTA.

347 1327 586 1371 Platonica
621 1343 708 1373 non
745 1332 858 1374 male
896 1347 992 1376 cum
1028 1332 1195 1376 nostris
1232 1333 1505 1376 conveniunt.
1583 1331 1774 1375 Ponitur
1807 1329 1967 1387 dupleoe
1992 1327 2154 1370 Pocta-

404 1416 502 1444 rum
532 1402 641 1446 ordo
653 1421 676 1452 ;
708 1403 863 1448 deinde
889 1405 1145 1449 declaratur
1166 1420 1218 1449 ea
1236 1406 1446 1463 partitio,
1461 1406 1626 1463 primo,
1650 1404 1863 1448 communi
1886 1402 2092 1445 Sermone
2113 1403 2156 1441 et

404 1474 661 1520 Proverbiis
676 1495 697 1526 ,·
735 1478 938 1531 secundo,
962 1479 1266 1532 similitudine,
1291 1494 1378 1537 qua
1401 1480 1547 1536 tanyit
1566 1479 1753 1522 Insania
1776 1477 1937 1521 Poesin
1951 1494 1970 1525 ;
2006 1474 2153 1525 tertio,

398 1548 649 1604 partitione
685 1566 832 1594 eorum
870 1552 946 1609 qui
979 1553 1127 1609 leyunt
1139 1571 1160 1601 ;
1208 1558 1383 1610 quarto,
1423 1553 1653 1609 lanquente
1687 1551 1807 1609 apud
1845 1564 1968 1593 senes
2010 1562 2157 1591 amore

407 1622 663 1666 carminum.
730 1624 1008 1668 Provocatur
1029 1624 1090 1668 ad
1115 1626 1308 1682 oriyines
1329 1626 1531 1678 Poeseos,
1555 1625 1608 1668 de
1630 1624 1786 1682 quibus
1815 1623 1965 1680 ayitur
1982 1621 2156 1679 partim

397 1694 627 1751 probabili
648 1697 914 1753 conjectura,
930 1699 1104 1755 partim
1126 1699 1388 1743 testimoniis
1410 1698 1650 1756 desumptis
1676 1698 1729 1741 de
1752 1698 2049 1740 Sacrosancto
2071 1694 2155 1739 Co-

407 1767 517 1820 dice,
541 1773 584 1811 et
605 1768 658 1812 de
678 1769 930 1813 Annalibus
950 1771 1272 1815 Barbarorum.

481 1976 867 2038 LATONIS
920 1988 1050 2039 erat
1101 2001 1240 2050 vox,
1287 1980 1661 2046 Academici,
1710 1997 2076 2057 magnopere
2121 1999 2158 2036 a

552 2076 844 2135 Cicerone
919 2080 1329 2156 comprobata,
1401 2086 1436 2111 “
1481 2078 1746 2137 Omnem
1818 2078 2152 2135 doctrinam

348 2174 563 2232 harum
619 2175 1019 2253 ingenuarum
1068 2187 1252 2254 atque
1306 2179 1708 2236 humanarum
1755 2178 1978 2235 artium
2033 2197 2156 2234 uno

349 2273 612 2349 quodam
659 2275 965 2334 societatis
1011 2277 1252 2335 vinculo
1294 2277 1591 2335 contineri
1613 2276 1696 2333 aJ’
1786 2275 1885 2333 Ac
1933 2275 2152 2333 vellem

351 2371 633 2447 equidem
679 2373 946 2449 praeclari
992 2375 1283 2445 homines,
1331 2395 1512 2452 quem
1566 2393 1925 2433 consensum
1972 2381 2156 2451 atque

353 2472 735 2528 concordiam
797 2474 1143 2532 acutissime
1215 2476 1485 2532 omnium
1547 2475 1659 2551 ipsi
1727 2470 2153 2551 perspicerent,

351 2587 491 2625 eum
545 2568 868 2645 aliquando
903 2573 1072 2647 justa
1124 2574 1533 2650 disputatione
1586 2573 1995 2651 indagandum
2042 2573 2153 2630 sibi

350 2667 713 2744 penitusque
759 2670 1188 2747 explicandum
1219 2673 1315 2731 via
1359 2681 1423 2730 et
1464 2674 1699 2731 ratione
1740 2672 2153 2747 sumpsissent.

355 2763 557 2833 Quem
583 2786 723 2824 cum
754 2769 838 2825 illi
876 2771 1177 2847 exquisite
1209 2773 1448 2840 sentire,
1475 2790 1656 2848 quam
1681 2777 1961 2828 accurate
1985 2789 2152 2827 mon-

353 2870 562 2933 strare,
616 2866 961 2936 maluerint,
1015 2870 1188 2927 nobis
1240 2879 1447 2927 tamen
1506 2869 1953 2946 quodammodo
2016 2887 2157 2926 auc-

353 2966 514 3018 tores
560 2970 700 3019 sunt
739 2964 901 3034 facti,
943 2986 1051 3042 per
1090 2974 1184 3024 tot
1227 2968 1443 3035 studia,
1482 2975 1609 3024 tam
1657 2967 1833 3033 varia,
1872 2973 1999 3023 tam
2032 2964 2155 3022 late

353 3055 575 3124 dissita,
611 3057 922 3119 Poeticam
949 3063 1115 3120 illam
1148 3064 1526 3140 voluptatem
1557 3064 2032 3140 anquirentibus

440 3154 803 3232 Quanquam
847 3160 950 3218 illa
981 3162 1225 3237 quidem
1262 3162 1531 3221 Platonis
1571 3163 1796 3220 rectius
1834 3162 2033 3219 forsan
2077 3160 2153 3218 ad

350 3253 844 3313 mathematicam
893 3256 1101 3334 (quam
1148 3264 1392 3333 vocant)
1441 3266 1625 3335 atque
1671 3259 1744 3316 ad
1799 3277 1932 3316 eam
1980 3256 2156 3315 disci-

349 3347 574 3424 plinam
625 3352 981 3423 referantur,
1014 3375 1145 3432 quae
1191 3364 1283 3415 est
1329 3358 1405 3415 de
1451 3358 1730 3414 universa
1773 3375 1974 3413 rerum
2027 3354 2155 3412 Na-

584 3549 599 3566 ³¹
624 3542 693 3587 De
719 3545 846 3589 Orat.
874 3546 963 3589 III.
989 3546 1030 3590 6.
1098 3548 1210 3591 Plat.
1231 3548 1444 3605 Epinom.
1470 3546 1557 3590 sub
1580 3546 1657 3590 fin.
1682 3553 1715 3590 t.
1736 3546 1781 3589 ii.
1804 3559 1909 3605 992.
