2320 4126
349 201 462 256 386
845 203 930 255 De
957 201 1179 273 Proloy'o
1205 201 1622 273 Ayamemnonis.
1850 221 2013 254 PRAEL.
2037 220 2152 253 x1x.

351 350 692 427 imperium.
784 350 1070 408 Profecto
1124 350 1517 418 inveniemus,
1567 350 1970 407 intertextum
2022 369 2152 408 esse

350 449 797 527 quodammodo
846 448 1186 507 istiusmodi
1235 447 1614 506 doc-umentis
1662 448 2007 506 universum
2047 449 2153 507 ha-

350 565 484 607 rum
544 549 730 606 trium
795 547 1221 625 tragoediarum
1289 555 1601 605 tenorem:
1677 566 1817 605 nam
1878 567 2016 624 quae
2077 549 2153 606 de

351 647 832 727 Agamemnonis
877 665 1113 704 summa
1152 647 1387 704 ratione
1432 652 1573 703 sunt
1615 646 1801 715 dicta,
1833 647 1910 704 ad
1955 646 2153 705 Choe-

350 748 570 825 phoras
602 746 831 814 eadem,
864 746 1195 803 maximam
1234 751 1484 822 partem,
1517 752 1701 822 atque
1742 746 1817 803 ad
1865 745 2154 803 Eumeni-

351 846 456 904 das
486 846 812 924 pertinent.
883 844 1045 911 TreS,
1066 845 1331 921 inquam,
1351 844 1682 924 Tragoediae‘·
1711 866 1832 903 uno
1856 846 2023 922 quasi
2047 845 2151 903 filo

351 944 681 1002 decurrunt
704 955 720 1002 ε’
772 943 830 1000 id
864 943 1045 1001 modo
1077 943 1347 1011 interest,
1383 943 1544 1019 quod
1578 963 1709 1020 quae
1738 963 1939 1002 rerum
1972 943 2153 1001 series

350 1042 525 1100 initio
580 1041 789 1100 multis
842 1049 972 1100 erat
1020 1041 1290 1118 implexa
1337 1041 1525 1108 nodis,
1580 1062 1651 1100 ea
1712 1041 2040 1119 simplicior
2090 1041 2153 1097 in

351 1141 747 1219 Choephoris,
773 1140 1214 1217 simplicissima
1237 1139 1307 1197 fit
1339 1140 1402 1197 in
1428 1140 1837 1198 Eumenidum
1861 1138 2154 1215 ἐπιλόγῳ;

350 1239 671 1298 evolvente
724 1259 787 1298 se
837 1239 1125 1297 divinitus
1177 1244 1534 1297 eventorum
1588 1239 1813 1305 ordine,
1855 1245 2039 1314 atque
2090 1238 2153 1294 in

349 1359 565 1398 manus
611 1338 981 1416 explorantis
1027 1338 1473 1414 quodammodo
1511 1342 1882 1395 occurrente.
1973 1335 2155 1412 Isque

350 1439 497 1496 ordo·
557 1438 810 1515 poeticae
870 1438 1228 1496 narrationis
1285 1456 1423 1494 00111
1486 1437 1695 1494 ordine
1759 1436 1975 1493 divinae
2027 1435 2158 1492 vin-

351 1539 528 1596 dictae
558 1538 645 1596 ita
675 1537 971 1615 congruit,
994 1544 1065 1594 ut
1090 1537 1436 1613 quicunque
1466 1535 1639 1592 illum
1671 1535 1958 1612 indagare
1989 1534 2153 1603 velit,

351 1638 407 1695 ei
466 1656 713 1695 necesse
774 1636 853 1694 sit
911 1636 1067 1693 hanc
1120 1636 1305 1693 etiam
1369 1654 1491 1693 una
1542 1635 1861 1693 deducere.
1951 1633 2154 1703 Quare
2201 1628 2204 1629 ⁷

351 1737 527 1794 venia
586 1736 664 1794 sit
724 1735 898 1793 nobis
964 1734 1146 1792 hodie
1207 1733 1672 1792 deflectentibus
1745 1731 2019 1790 nonnihil
2080 1733 2156 1791 de

351 1853 530 1893 cursu
572 1833 835 1910 suscepti
881 1832 1095 1909 operis,
1140 1838 1203 1890 et
1252 1832 1592 1890 accuratius
1640 1830 1844 1909 paullo
1893 1837 2157 1889 tractan-

350 1934 513 1992 tibus
559 1953 680 1991 non
724 1933 907 1990 modo
953 1951 1025 1990 ea
1070 1952 1202 2008 quae
1261 1932 1461 2009 palam
1508 1942 1571 1990 et
1623 1939 1831 2009 aperte
1877 1931 2007 2007 ejus
2051 1930 2155 2007 qui

350 2034 587 2111 scripsit
632 2033 988 2111 religionem
1036 2031 1339 2090 declarare
1392 2031 1653 2101 valeant,
1706 2050 1917 2089 verum
1970 2030 2155 2088 etiam

351 2133 536 2210 ipsius
599 2133 806 2210 scripti
867 2151 1078 2211 genuS,
1145 2139 1207 2190 et
1267 2132 1610 2190 universam
1676 2129 2156 2209 Agamemnonis

351 2232 687 2300 οἰκονομίαν.

438 2331 763 2408 Principio,
803 2330 1058 2388 miretur
1102 2330 1354 2389 fortasse
1390 2329 1621 2406 aliquis,
1661 2349 1801 2387 cum
1847 2329 1925 2387 sit
1971 2346 2156 2405 nego-

353 2433 506 2490 tium
567 2431 718 2488 adeo
777 2450 960 2508 grave
1028 2437 1092 2487 et
1150 2438 1342 2498 atrox,
1418 2425 1793 2510 προλογίζων
1851 2428 2152 2488 comicum

351 2531 477 2588 fere
507 2529 785 2588 militem.
880 2528 1045 2587 Nam
1079 2548 1151 2586 eo
1183 2529 1430 2587 nomine
1460 2548 1582 2586 non
1615 2528 1822 2605 inepte
1852 2526 2151 2605 appelles:

351 2650 473 2688 non
518 2650 639 2707 quo
685 2638 915 2707 putem,
963 2629 1039 2686 de
1098 2628 1394 2686 industria
1442 2628 1819 2686 sermonibus
1878 2627 2008 2703 ejus
2065 2627 2156 2683 in-

352 2729 550 2808 spergi
593 2728 930 2787 dicacitatis
971 2727 1240 2804 aliquid3
1304 2728 1407 2784 vix
1453 2727 1615 2785 enim
1669 2724 1941 2794 ridicule,
1989 2730 2155 2782 certe

351 2847 474 2886 non
534 2827 863 2886 scurriliter
915 2826 1218 2904 loquitur:
1269 2847 1478 2884 verum
1529 2826 1591 2884 id
1642 2825 1970 2885 Comoediae
2021 2844 2158 2902 pro-

352 2926 550 3003 prium
595 2925 936 3004 intelligere
983 2924 1166 2994 sole0,
1220 2926 1623 3002 quodcunque
1668 2925 1732 2981 in
1792 2905 1907 2981 1100
1956 2923 2157 2999 quoti-

354 3027 545 3084 dianae
582 3026 721 3083 vitae
765 3024 1082 3094 curricu10,
1128 3032 1312 3102 atque
1352 3025 1416 3082 in
1462 3023 1798 3082 trivialibus
1839 3022 2166 3081 hominum

353 3126 611 3204 negotiis
646 3125 923 3201 curisque
968 3131 1275 3182 versatur:
1345 3123 1681 3200 cujusmodi
1726 3129 1868 3180 sunt
1906 3120 2154 3199 hujusce

352 3224 508 3283 servi
539 3230 673 3283 tum
705 3224 781 3283 de
813 3223 1031 3302 vigiliis
1062 3223 1361 3281 diuturnis
1393 3222 1789 3300 (1001011100,-

717 3332 803 3380 εὗτ’
827 3334 880 3380 ἂν
901 3334 950 3379 δὲ
972 3334 1320 3394 νυκτίπλαγκτον
1343 3333 1559 3392 ἔνδροσόν
1579 3331 1615 3378 τ’
1641 3333 1731 3391 ἔχω

717 3406 857 3464 εὐνὴν,
880 3406 1066 3465 ὀνείροις
1087 3407 1165 3451 οὐκ
1188 3404 1582 3464 ἐπισκοπουμένην,

718 3481 816 3540 ἐμοὶ
838 3483 987 3540 φόβος
1007 3480 1097 3526 τότ’
1122 3480 1215 3526 ἀνθ’
1239 3481 1376 3526 ὑπνοῦ
1396 3480 1673 3538 παραστατεῖ

717 3557 768 3601 τὸ
789 3556 847 3614 μὴ
869 3555 1063 3611 βεβαίωὲ
1082 3555 1296 3615 βλέφαρα
1318 3555 1567 3613 συμβαλεῖν
1586 3551 1782 3614 ὕπνῳ’-

1096 3650 1113 3671 ‘'-
1146 3644 1304 3702 Ayam.
1334 3657 1403 3688 11.
