2320 4126
184 277 342 309 PRAEL.
365 275 455 310 vn.
592 256 893 308 voluntariae
917 258 1090 308 mortis
1103 275 1352 328 proesaya
1377 277 1522 312 mens.
1863 267 1934 321 95

183 398 392 472 Itaque
434 416 552 453 non
594 416 747 453 63660
792 398 1037 471 impetn,
1070 397 1235 454 velut
1279 418 1431 454 unus
1477 401 1551 456 de
1587 401 1764 477 vulgo
1809 402 1934 458 bel-

179 494 444 560 lantium,
502 494 563 547 in
621 493 809 549 caedes
865 501 1045 566 atque
1096 494 1158 548 in
1209 493 1454 550 vulnera
1510 497 1669 563 ruit3
1736 516 1931 571 neque

177 590 331 646 inter
380 607 543 663 spem
594 596 939 662 metumque
991 588 1264 657 fluctuat,
1313 589 1550 645 illorum
1602 609 1785 658 more,
1830 595 1930 666 qui

177 684 304 740 alea
367 682 615 739 ludunt:
679 683 778 756 qui
837 683 1074 756 quidem
1138 684 1213 739 ob
1270 684 1464 758 ipsum
1519 684 1664 741 illud
1725 706 1928 753 unum,

178 778 480 844 Dubitare,
532 797 649 852 prae
708 796 769 833 se
828 778 1026 833 ferunt
1086 777 1450 835 fortitudinis
1503 781 1665 853 quasi
1726 782 1929 837 simili-

174 874 458 929 tudinem.
548 872 667 929 Sed
699 871 920 928 Achilli
975 892 1233 948 praesaga
1275 893 1443 929 1116118
1490 880 1581 930 est
1635 877 1922 942 omnium,

173 969 318 1024 adeo
376 975 574 1024 tamen
630 969 878 1025 immota
935 975 1114 1043 atque
1171 969 1307 1036 fixa,
1366 977 1434 1026 ut
1491 977 1744 1025 mortem
1806 991 1924 1028 non

176 1064 558 1121 voluntariam
604 1083 912 1130 arcessere,
951 1066 1052 1120 sed
1100 1064 1342 1120 fatalem
1388 1065 1584 1121 subire
1621 1067 1922 1122 crederes:

169 1179 360 1235 neque
379 1160 427 1215 is
450 1160 749 1217 fortissimi
768 1160 946 1216 modo
969 1159 1288 1226 bellatoriS,
1310 1180 1515 1217 verum
1536 1161 1718 1216 etiam
1745 1162 1923 1231 (absit

87 1292 91 1296 -
170 1258 326 1314 dicto
372 1256 614 1331 invidia)
658 1256 871 1312 deditae
921 1275 987 1311 ac
1032 1256 1260 1312 devotae
1307 1257 1562 1312 victimae
1601 1257 1921 1333 imaginem

167 1354 318 1428 gerit
347 1353 504 1410 haud
536 1353 863 1409 obscuram.

248 1448 342 1506 Ac
390 1449 606 1515 videte,
646 1467 821 1523 quam
875 1468 945 1505 ea
995 1467 1086 1505 res
1137 1449 1310 1504 unice
1355 1448 1547 1505 valeat
1598 1449 1658 1504 in
1710 1451 1920 1507 animis

165 1545 451 1602 lectorum
525 1545 922 1602 conciliandis.
1041 1545 1283 1602 Etenim
1349 1545 1718 1620 aliquantum
1793 1553 1919 1602 erat

164 1643 424 1718 periculi,
466 1661 542 1698 ne
586 1643 646 1698 in
678 1640 933 1698 Achillis
973 1661 1220 1717 persona
1258 1643 1481 1699 tardius
1519 1642 1718 1717 paullo
1760 1662 1919 1698 com-

163 1745 542 1795 moverentur
591 1738 876 1794 affectus:
936 1745 1067 1793 tum
1127 1738 1283 1812 quod
1342 1738 1391 1794 is
1449 1739 1797 1796 fortitudine
1855 1747 1916 1796 et

162 1834 378 1890 viribus
428 1833 768 1890 mortalium
821 1834 1065 1889 modum
1118 1834 1266 1890 adeo
1319 1841 1573 1908 superat,
1625 1842 1693 1890 ut
1752 1835 1915 1892 letho

165 1929 615 2004 vulneribusque
667 1930 767 1985 vix
825 1929 1096 1985 videatur
1154 1929 1480 1986 obnoxius:
1548 1938 1675 1986 tum
1738 1932 1914 2005 quod,

159 2026 445 2083 indomita
484 2027 608 2100 ejus
637 2026 737 2093 ira,
769 2032 898 2081 tota
936 2025 1058 2082 fere
1100 2025 1287 2082 Iliade
1327 2033 1624 2100 peccatur.
1702 2026 1914 2084 Utrin-

160 2141 273 2196 que
313 2122 536 2197 optimo
579 2121 823 2178 consilio
867 2121 1143 2196 opposuit
1181 2120 1481 2177 Homerus
1522 2121 1702 2188 illam,
1736 2142 1911 2196 quam

160 2218 422 2285 dicimus,
468 2220 674 2275 mortis
717 2219 1056 2293 propinquae
1112 2237 1179 2274 ac
1222 2219 1478 2293 praevisae
1524 2220 1908 2276 mentionem.

158 2312 307 2387 Ipsis
337 2321 496 2370 certe
526 2315 708 2371 initiis
738 2315 1008 2371 infaustae
1038 2315 1153 2381 irae,

389 2413 619 2472 δακρύσας,
642 2416 803 2473 ἑτάρων
824 2415 944 2473 ἄφαρ
967 2415 1083 2469 ἕζετο
1105 2416 1241 2472 νόσφι
1262 2415 1474 2467 λιασθείς,

386 2559 534 2601 πολλὰ
555 2558 601 2601 δὲ
622 2558 750 2615 μητρὶ
771 2556 886 2615 φίλῃ
909 2556 1117 2614 ἠρήσατο,
1139 2560 1289 2614 χεῖρας
1309 2556 1500 2614 ὀρεγνύς·

386 2631 534 2685 μῆτερ,
557 2628 650 2671 ε’πεί
669 2627 710 2685 μ’
734 2628 873 2674 ἔτεκές
892 2647 943 2686 γε
963 2628 1235 2684 μινυνθάδιόν
1254 2646 1337 2684 περ
1359 2628 1498 2679 ἐόντα,

387 2699 512 2756 τιμήν
529 2700 611 2757 πέρ
631 2718 704 2756 μοι
725 2699 918 2758 ὄφελλεν
935 2699 1173 2756 Ὀλύμπιος
1194 2700 1447 2758 ἐγγυαλίξαι
1461 2707 1490 2742 ⁸.

152 2780 303 2835 Tum
334 2800 461 2854 quae
491 2781 729 2836 Thetidi
760 2782 1013 2837 vicissim
1046 2782 1424 2838 tribuuntur:

385 2878 417 2922 ὤ
438 2898 525 2935 μοι,
548 2879 692 2924 τέκνον
713 2880 828 2936 ἕμον,
851 2880 894 2923 τί
914 2879 962 2923 νύ
984 2879 1026 2923 σ’
1049 2881 1250 2937 ἔτρεφον,
1273 2880 1368 2923 αἰνὰ
1388 2883 1573 2924 τεκοῦσα
1585 2899 1599 2932 ;

384 2950 466 2994 αἵθ’
488 2950 649 3008 ὄφελες
669 2952 785 3008 παρὰ
806 2952 956 3008 νηυσὶν
975 2952 1211 3008 ἀδάκρυτος
1231 2952 1299 2995 καὶ
1320 2950 1498 3008 ἀπήμων

383 3021 527 3077 ἧσθαι·
561 3020 652 3065 ἐπεὶ
672 3021 720 3066 νύ
741 3041 807 3066 τοι
828 3020 933 3067 αἶσα
951 3023 1130 3079 μινυνθά
1149 3041 1247 3079 περ,
1269 3025 1360 3066 οὔτι
1381 3024 1499 3079 μάλα
1520 3022 1610 3079 δήν·

384 3097 457 3138 νῦν
477 3094 513 3137 δ’
534 3093 622 3151 ἅμα
641 3094 677 3138 τ’
700 3094 917 3153 ὠκύμορος
938 3096 1006 3139 καὶ
1028 3096 1191 3153 ὀϊζυρὸς
1211 3096 1310 3152 περὶ
1330 3096 1498 3140 πάντων

382 3165 512 3207 ἔπλεο
528 3164 559 3208 ¹³.

151 3251 307 3318 Quid
325 3252 346 3308 ’.ἰ
403 3271 487 3318 ea,
537 3272 664 3326 quae
710 3255 887 3309 modo
927 3255 1189 3320 audistiS‚
1239 3254 1313 3310 de
1360 3253 1579 3327 duplici
1613 3254 1896 3311 Fatorum

150 3345 366 3410 ordine,
426 3355 704 3422 certoque
763 3349 889 3423 ejus
946 3349 1128 3415 letho,
1185 3349 1245 3403 ni
1303 3349 1378 3404 ab
1438 3347 1551 3403 Ilio
1616 3349 1894 3415 discedat,

149 3458 342 3496 nonne
364 3443 636 3516 praeclare
656 3463 726 3501 eo
745 3451 1013 3519 tempore
1035 3445 1412 3510 inducuntur,
1432 3463 1549 3518 quo
1568 3445 1616 3500 is
1635 3446 1894 3501 maxime

382 3567 404 3589 a
436 3560 488 3603 Il.
511 3562 539 3604 i.
562 3576 663 3618 349.
1460 3562 1483 3591 b
1504 3563 1533 3604 i.
1553 3576 1654 3615 414.
