2320 4126
154 279 308 312 PRAEL.
331 279 404 312 111.
448 261 823 329 Comparantur
847 260 977 310 inter
1000 277 1049 311 se
1073 260 1256 311 summi
1281 260 1378 311 cmo
1404 261 1649 312 Pictores.
1836 265 1907 318 27

151 403 438 478 ignorant,
462 406 753 475 praecepta
781 400 983 467 edunt,
1007 400 1384 475 ineptissimae
1407 402 1752 475 arrogantiae
1782 419 1907 457 me-

153 497 267 552 rito
295 495 741 553 insimulantur:
788 496 875 552 sin
906 514 976 552 ea
1005 502 1240 552 tantum
1271 501 1562 552 conantur
1591 496 1905 571 explicare,

154 610 282 665 quae
310 592 371 647 in
402 591 700 648 communi
730 591 1039 648 hominum
1070 610 1262 659 senSU,
1293 598 1473 666 atque
1502 591 1565 646 in
1596 590 1905 649 affectibus

152 688 415 744 omnium
446 693 583 744 sunt
611 687 819 762 posita,
851 687 1023 744 venia
1053 687 1347 744 donantur
1376 686 1559 743 etiam
1592 694 1870 743 errantes,

235 783 388 840 Cum
426 783 608 859 igitur
646 784 802 858 apud
833 801 936 839 vos
965 783 1078 839 hoc
1098 783 1234 857 jure
1277 782 1547 838 futurum
1591 801 1690 838 me
1728 782 1904 840 hodie

152 897 435 958 sperem,
467 878 605 952 quid
643 879 703 933 in
733 878 923 952 pictis,
957 878 1097 952 quid
1127 879 1187 933 in
1220 876 1463 944 coelatis,
1497 877 1637 952 quid
1676 878 1738 933 in
1776 877 1904 933 aliis

152 973 438 1046 ejusmodi
483 973 756 1047 operibus
795 991 931 1029 cum
966 972 1138 1028 Poesi
1184 973 1569 1046 conjunctum
1614 973 1902 1039 videatur,

149 1068 301 1124 sicut
329 1087 481 1125 unus
511 1069 584 1124 de
612 1067 807 1142 plebe,
838 1067 1052 1123 dicam.

230 1350 453 1427 Atque,
503 1359 572 1409 ut
621 1353 682 1408 in
730 1352 984 1409 Picturis
1033 1352 1223 1426 primo
1271 1353 1413 1427 quid
1466 1351 1645 1408 velim
1689 1351 1901 1410 melius

145 1449 503 1516 innotescat;
542 1466 963 1523 componamus
986 1446 1424 1523 aliquantisper,
1450 1449 1497 1504 si
1520 1447 1684 1515 libet,
1710 1447 1902 1522 splen-

146 1542 512 1599 didissimum
568 1541 716 1598 illud
766 1541 1057 1598 nobilium
1110 1541 1417 1600 Pictorum
1473 1562 1597 1619 par,
1649 1561 1899 1617 quorum

117 1628 296 1695 'alter
325 1637 509 1695 Italos
552 1644 790 1694 tantum
833 1657 953 1694 non
997 1656 1218 1706 omnes,
1256 1639 1408 1696 alter
1445 1640 1767 1707 univerSOS,
1799 1639 1899 1713 qui

145 1752 404 1807 unquam
444 1734 627 1801 fuere,
665 1733 899 1809 BelgaS,
940 1734 1206 1800 artificio,
1247 1735 1430 1808 copia,
1473 1735 1763 1810 dignitate
1807 1753 1902 1791 su-

144 1829 389 1904 peravit.
478 1828 574 1895 Et,
624 1848 740 1902 quo
786 1829 1056 1903 propiore
1107 1830 1264 1885 inter
1313 1848 1392 1896 se,
1439 1836 1509 1886 ut
1556 1831 1642 1886 ita
1688 1831 1898 1898 dicam,

145 1924 346 1981 Marte
388 1924 853 1989 committantur,
891 1924 1072 1980 etiam
1113 1925 1174 1979 in
1215 1924 1424 1980 eadem
1468 1926 1718 1982 materia
1757 1926 1898 2000 quid

142 2026 392 2094 uterque
423 2018 682 2098 effecerit
705 2025 1056 2093 spectemus.
1118 2018 1231 2075 Ille
1253 2018 1711 2093 pulcherrimam
1736 2039 1901 2078 sanc-

143 2117 352 2173 tissimi
412 2115 547 2171 Filii
604 2133 738 2171 cum
793 2113 995 2171 Matre
1052 2103 1372 2191 imaginem
1429 2116 1705 2190 pinxitaz
1770 2136 1899 2192 quae

143 2212 300 2286 apud
342 2210 607 2268 Saxones
647 2211 720 2266 ad
759 2210 872 2266 hoc
912 2229 1097 2284 usque
1144 2217 1383 2285 tempus
1431 2218 1731 2280 servatur3
1794 2215 1896 2270 sed

142 2306 297 2381 apud
342 2325 448 2363 nos
493 2305 692 2371 etiam,
731 2312 874 2362 noto
919 2324 987 2361 ac
1034 2304 1192 2362 felici
1236 2305 1503 2373 artificiO,
1549 2307 1900 2384 pervulgan-

143 2408 240 2457 tur
279 2401 403 2474 ejus
448 2400 649 2475 primae
689 2398 919 2467 saltem,
964 2401 1256 2474 rudesque
1293 2399 1418 2456 sine
1462 2399 1658 2456 colore
1693 2400 1894 2458 lineae:

141 2502 211 2551 ut
255 2514 431 2552 nemo
472 2497 548 2553 sit
592 2496 955 2570 picturarum
1008 2497 1317 2562 amantior,
1356 2514 1534 2569 quem
1574 2513 1693 2552 non
1744 2497 1894 2552 curi-

142 2609 259 2656 080,
303 2598 372 2647 ut
421 2591 505 2657 fit,
552 2590 724 2647 oculo
767 2590 898 2647 illas
936 2591 1253 2665 aliquando
1298 2590 1595 2665 aspexisse
1640 2591 1894 2648 credam.

141 2684 301 2751 Quas
356 2685 760 2752 recordamini,
809 2704 1029 2759 quaeSO,
1075 2685 1392 2759 paulisper,
1445 2691 1625 2757 atque
1683 2686 1895 2742 animis

139 2779 345 2835 vestris
390 2779 720 2834 intuemini.
809 2779 1082 2836 Recolite
1133 2780 1440 2836 vobiscum
1491 2779 1744 2836 formam
1794 2780 1895 2836 In-

139 2875 334 2939 fantis,
356 2874 616 2930 humana
640 2874 1030 2950 grandiorem,
1050 2873 1317 2950 Virginis
1346 2874 1699 2932 beatissimae
1720 2875 1892 2942 ulniS,

137 2977 418 3044 tanquam
449 2976 701 3045 augusto
732 2969 894 3036 soli0,
927 2970 1319 3026 insidentem:

689 3074 827 3118 divini
849 3074 976 3130 signa
997 3074 1184 3127 decoris,

433 3145 738 3203 Ardentesque
759 3152 908 3190 notate
928 3147 1080 3189 oculos
1099 3162 1108 3189 :
1142 3147 1218 3203 qui
1239 3147 1421 3203 spiritus
1442 3147 1521 3198 illi,

436 3215 528 3263 Qui
547 3218 699 3260 vultus
717 3233 727 3260 :

141 3309 334 3376 Quem
366 3316 567 3366 tamen
596 3316 867 3366 nostrum
904 3328 1047 3375 esse,
1078 3309 1383 3383 nostrique
1425 3328 1626 3366 curam
1665 3330 1888 3387 gerere,

140 3404 235 3459 vel
281 3405 406 3479 ipsa
436 3403 652 3462 Matris
695 3404 1019 3461 similitudo
1065 3404 1204 3461 satis
1248 3405 1458 3479 arguit.
1553 3405 1734 3475 Infra,
1781 3427 1887 3464 suo

373 3571 397 3594 ⁸
422 3564 549 3616 Eam,
571 3579 670 3622 quae
690 3565 825 3622 vulgo
847 3564 1021 3616 dicitur,
1049 3564 1114 3607 La
1133 3563 1359 3607 Madonna
1380 3563 1490 3607 dello
1514 3564 1647 3608 Sisto.
