2320 4126
312 194 425 247 360
662 193 953 266 kaiycmiae
979 197 1208 248 naeniam
1233 197 1416 248 ominis
1443 215 1544 250 esse
1570 196 1691 250 loco.
1845 215 2114 250 PRAE1,.xx.

314 339 796 419 Agamemnonis
827 343 1012 419 ipsius
1040 344 1264 401 caedem
1296 363 1332 401 a
1361 345 1698 422 suspicione
1730 344 1964 421 iujuriae
1988 343 2116 400 vin-

316 441 496 511 dicet,
528 441 753 518 alioqui
799 461 919 498 non
966 442 1123 500 bene
1159 462 1299 500 cum
1335 441 1606 501 Deorum
1648 444 1939 520 aequitate
1975 462 2116 500 con-

313 548 655 620 gruentem.
726 540 864 610 Quo
895 551 1257 619 argumento
1288 542 1364 601 ad
1396 543 1706 602 fastidium
1737 562 1927 619 usque
1958 543 2115 600 tueri

314 659 378 699 se
403 640 557 709 vult,
590 639 891 717 parricidii
923 659 1040 709 rea,
1075 639 1562 719 Clytaemnestra.
1655 641 1921 700 Miratur
1960 641 2117 700 scili-

314 746 431 811 cet,
463 739 935 818 Agamemnona
975 739 1225 818 dignum
1261 741 1465 811 videri,
1499 744 1669 820 cujus
1700 743 1925 800 oaedem
1958 741 2116 800 Cho-

314 860 414 899 rus
447 838 655 898 dolore
687 845 751 897 et
783 839 870 897 ira
899 848 1337 916 prosequaturg
1353 859 1369 911 3

679 963 728 1011 ὃς
749 964 801 1008 οὗ
821 969 1061 1023 προτιμῶν,
1084 965 1278 1024 ὧσπέρει
1298 968 1439 1021 βοτοῦ
1461 969 1613 1026 μόρον,

678 1037 832 1097 μὴλων
852 1040 1084 1099 φλεόντων
1105 1041 1306 1087 εὐπόκοις
1326 1040 1610 1100 νομεύμασιν,

680 1113 841 1158 ἔθυσεν
861 1114 996 1158 αὐτοῦ
1016 1115 1167 1167 παῖδα,
1191 1115 1413 1174 φιλτάτην
1435 1115 1531 1174 ἐμοὶ

681 1186 815 1240 ὠδῖν’,
838 1188 1010 1250 ἐπῳδὸν
1033 1189 1235 1247 Θρῃκίων
1256 1189 1472 1247 ἀημάτων.

316 1305 551 1365 Eadem
596 1306 830 1365 ratione
876 1307 973 1365 vel
1019 1327 1236 1385 corpus
1283 1309 1484 1367 mariti
1534 1307 1903 1368 contumelia
1955 1312 2119 1363 recte

314 1406 470 1465 affici
502 1407 820 1465 confirmat
840 1404 866 1442 ¹¹
890 1427 902 1465 :

680 1504 757 1548 οὐκ
778 1503 1066 1563 ἀνελεύθερον
1087 1502 1206 1562 οἶμαι
1229 1504 1414 1550 θάνατον

742 1578 856 1638 τῷδε
876 1577 1099 1637 γενέσθαι·

683 1652 785 1696 οὐδὲ
806 1653 893 1711 γὰρ
916 1652 1043 1699 οὗτος
1065 1653 1217 1698 δολίαν
1238 1652 1345 1698 ὅταν

683 1724 870 1771 οἴκοισιν
890 1726 1021 1783 ἔθηκ’·
1055 1726 1157 1771 ἀλλ’
1181 1728 1286 1785 ἐμὸν
1308 1728 1353 1772 ἐκ
1376 1727 1492 1773 τοῦδ’

682 1802 806 1860 ἔρνος
827 1799 997 1860 ἀερθὲν,
1020 1802 1099 1858 τὴν
1119 1801 1430 1859 πολυκλαύτην

679 1875 944 1935 Ἰφιγένειαν
963 1876 1118 1932 ἀνάξια
1139 1877 1322 1935 δράσας,

680 1950 782 2008 ἄξια
802 1952 1008 2010 πάσχων,
1030 1951 1165 2009 μηδὲν
1187 1952 1234 1997 ἐν
1246 1950 1402 1996 ’Ἀιδου
1425 1947 1429 1951 ’

680 2025 1031 2084 μεγαλαυχείτω,
1055 2025 1343 2087 ξιφοδηλήτῳ

744 2099 914 2160 θανάτῳ
935 2100 1064 2146 τίσας
1083 2099 1195 2160 ὅπερ
1217 2099 1363 2160 ἧρξεν.

316 2220 546 2277 Cavete
578 2239 721 2297 ergo
754 2222 1134 2290 existimetiS,
1167 2222 1533 2281 cantilenam
1574 2241 1726 2289 eam,
1760 2241 1879 2298 qua
1922 2240 2122 2279 narra-

316 2327 417 2378 tur
458 2319 692 2376 devotae
727 2319 971 2398 virginis
1003 2322 1213 2389 caedeS,
1245 2328 1495 2390 temere,
1527 2341 1897 2399 purpureum
1931 2321 2119 2380 veluti

317 2438 603 2497 pannum,
650 2419 846 2476 insui:
892 2419 1039 2495 quin
1081 2421 1284 2496 potius
1315 2422 1390 2479 ad
1423 2421 1646 2480 fabulae
1690 2441 1988 2481 summam
2035 2422 2122 2480 ita

314 2519 597 2596 pertinet,
646 2526 715 2576 ut
769 2518 920 2576 nihil
967 2518 1218 2589 valdius,
1265 2521 1538 2579 sacrificii
1589 2521 1763 2579 istius
1810 2522 2120 2578 memoria.

317 2617 630 2679 Videlicet
668 2637 747 2676 ex
795 2639 867 2676 eo
909 2618 1071 2677 haud
1117 2619 1471 2678 incredibile
1511 2621 1599 2689 fit,
1632 2640 1878 2698 superos
1913 2621 1973 2677 in
2007 2640 2124 2678 cae-

317 2719 457 2777 dem
482 2716 966 2796 Agamemnonis
998 2738 1408 2789 consensurOS,
1442 2719 1665 2797 alioqui
1698 2722 1964 2778 maxime
1996 2740 2124 2777 om-

318 2819 488 2877 nium
520 2818 830 2896 indignam
864 2826 928 2876 et
957 2826 1245 2877 atrocem.

407 2916 631 2994 Neque
671 2918 734 2975 id
765 2937 977 2994 parum
1023 2918 1210 2977 habet
1250 2920 1566 2988 momenti,
1598 2920 1759 2996 quod
1793 2918 1845 2975 Α
1855 2938 2125 2997 gamem-

316 3016 478 3085 noni,
521 3015 618 3073 vel
670 3017 733 3073 in
784 3017 914 3093 ipso
968 3018 1240 3076 sacrificii
1293 3016 1567 3085 articu10,
1614 3016 1934 3094 AEschylus
1987 3037 2123 3075 nos-

317 3123 414 3174 ter
456 3115 672 3173 mitem
710 3115 862 3173 adeo
894 3135 1157 3193 vereque
1203 3124 1524 3193 paternum
1571 3117 1841 3174 animum
1887 3116 2120 3173 tribuit.

320 3214 447 3275 Ubi
499 3216 764 3273 monitos
808 3215 988 3273 velim
1045 3216 1292 3284 tirones,
1338 3223 1468 3273 arte
1520 3236 1636 3273 non
1695 3216 1982 3274 mediocri
2035 3216 2123 3273 ita

319 3334 448 3373 rem
489 3316 603 3394 agi,
652 3323 723 3372 ut
772 3316 847 3373 ad
894 3335 1035 3373 eum
1080 3317 1303 3386 omnia,
1350 3316 1540 3393 magis
1587 3317 1884 3391 quam'ad
1930 3316 2119 3392 ipsam

321 3413 719 3492 Iphigeniam,
752 3407 1047 3491 spectent.
1140 3415 1209 3472 In
1244 3415 1415 3473 illum
1448 3422 1621 3473 atrox
1674 3415 1972 3473 incumbit
2018 3434 2120 3471 ne-

626 3567 650 3597 g
681 3559 834 3617 Ayam.
865 3560 994 3617 1388.
1485 3559 1509 3590 h
1543 3560 1658 3604 Ibid.
1690 3575 1817 3618 1499.
