2320 4126
322 249 480 286 PRAEL.
501 251 591 285 xx.
758 249 852 284 our
873 248 935 283 ea
946 229 1159 300 placide
1167 231 1320 300 serat
1342 230 1636 283 incredulos.
1965 232 2075 287 377

324 373 505 431 currit
534 390 739 429 omnes
774 372 896 429 fere
927 370 1241 429 Musarum
1284 369 1627 447 lugubrium
1666 369 1874 439 flexuS,
1906 372 1969 428 in
2012 390 2074 429 se

323 470 532 538 redire,
556 488 624 526 ac
648 468 964 543 tranquilla
992 474 1195 525 mente
1221 466 1499 524 ultimum
1530 466 1677 524 illud
1698 466 1856 526 Vale
1881 468 2075 525 dicere

323 565 497 622 rebus
526 563 871 621 mortalibus
889 571 945 621 ²:

672 683 772 729 ἀλλ’
795 682 881 742 εἶμι
901 683 979 742 κᾴν
999 684 1175 742 δόμοισι
1196 682 1436 729 'emetha-ovo?
1459 684 1564 742 ε’μὴν

672 757 990 816 Ἀγαμέμνονός
1008 776 1056 803 τε
1074 760 1243 816 μοῖραν·
1275 757 1453 816 ἀρκείτω
1471 758 1583 811 βίος·

669 828 721 875 ἵω
742 830 872 885 ξένοι.

667 905 788 947 οὔτοι
808 902 1009 957 δυσοίζω,
1031 901 1192 959 θάμνον
1210 902 1268 948 ὣς
1287 900 1417 960 ὅρνις,
1439 903 1570 960 φόβῳ

668 974 828 1020 ἄλλως·
860 973 1050 1032 θανούσῃ
1070 977 1323 1033 μαρτυρεῖτε
1343 993 1416 1032 μοι
1437 975 1552 1027 τόδε,

668 1044 772 1091 ὅταν
791 1046 896 1104 γυνὴ
917 1047 1116 1105 γυναικὸς
1135 1045 1223 1091 ἀντ’
1246 1046 1350 1103 ἐμοῦ
1371 1046 1493 1103 θάνῃ,

666 1117 773 1177 ἀνήρ
794 1137 841 1163 τε
862 1119 1165 1177 δυσδάμαρτος
1183 1118 1272 1163 ἀντ’
1295 1119 1450 1177 ἀνδρὸς
1467 1118 1599 1176 πέσῃ.

668 1190 943 1248 ἐπιξενοῦμαι
965 1194 1099 1236 ταῦτα
1120 1190 1157 1236 δ’
1178 1192 1238 1237 ὧς
1258 1190 1507 1248 θανουμένη.

312 1297 461 1365 Quis
490 1317 609 1354 non
639 1298 937 1375 intelligit,
962 1298 1478 1374 Clytaemnestram
1502 1296 1682 1354 verbo
1705 1304 1895 1364 tenus,
1919 1296 2072 1354 hanc

311 1412 375 1449 re
409 1393 737 1469 intimaque
778 1400 1000 1461 mente,
1032 1394 1212 1451 sacris
1256 1394 1476 1461 adesse,
1509 1393 1790 1468 Deosque
1833 1394 2075 1449 immor-

310 1488 461 1546 tales
511 1489 746 1549 colere?
827 1490 960 1558 Illa,
1004 1489 1171 1547 velut
1220 1489 1434 1566 vulgus
1479 1489 1807 1556 hominum,
1858 1489 1920 1544 in
1972 1508 2073 1545 ore

310 1586 488 1643 modo
529 1587 800 1644 solennes
837 1587 1021 1644 habet
1064 1585 1383 1643 formulas:
1426 1585 1558 1643 haec
1595 1605 1733 1643 cum
1769 1585 1880 1661 piis
1911 1604 2074 1642 vere-

306 1701 424 1756 que
453 1682 740 1758 religiosis
768 1684 953 1740 sentit
982 1682 1180 1740 omnia
1209 1668 1437 1739 caelesti'
1459 1682 1704 1738 numine
1734 1680 2037 1756 compleri.

392 1778 627 1835 Deinde
663 1778 811 1836 illud
848 1779 1115 1835 divinum
1158 1778 1335 1854 plane
1367 1777 1614 1851 (etenim
1652 1797 1773 1834 non
1804 1777 1919 1835 alio
1951 1778 2072 1834 ritu

307 1873 460 1932 solet
489 1874 655 1931 Deus
685 1874 839 1950 Ipse,
870 1874 1036 1932 Deus
1067 1874 1180 1931 Ille
1210 1893 1383 1931 verus
1419 1893 1488 1931 ac
1529 1875 1715 1942 vivus,
1755 1893 1893 1936 cum
1934 1893 2074 1930 con-

309 1970 646 2027 tumacibus
686 1978 749 2027 et
791 1970 1110 2028 incredulis
1153 1973 1353 2047 agere)
1406 1971 1565 2045 quod
1608 1977 1733 2028 tam
1784 1989 1957 2045 aeque
2003 1990 2072 2028 ac

311 2066 525 2123 leniter
554 2067 704 2122 ferat
735 2065 1062 2124 Cassandra
1090 2073 1435 2142 spernentes
1471 2086 1577 2124 sua
1610 2068 1856 2135 monita,
1886 2067 2072 2124 immo

313 2163 602 2237 vaticiniis
638 2163 967 2220 irridentes.
1055 2162 1284 2220 Chorus
1315 2164 1493 2230 enim,
1524 2183 1641 2238 quo
1677 2171 1946 2239 tempore
1976 2162 2072 2221 vel

311 2260 602 2334 praecipue
631 2259 822 2316 vicem
854 2259 980 2335 ejus
1010 2259 1188 2326 dolet,
1213 2277 1588 2334 nequaquam
1633 2266 1837 2317 tamen
1881 2266 2072 2318 cessat

311 2355 604 2433 denegare
633 2357 689 2412 ei
717 2356 898 2413 fidem
917 2362 975 2412 ³:

664 2476 698 2520 ὦ
717 2476 866 2520 πολλὰ
886 2475 964 2533 μὲν
983 2476 1177 2527 τάλαινα,
1198 2475 1347 2519 πολλὰ
1367 2474 1404 2518 δ’
1426 2475 1479 2519 αὖ
1500 2476 1623 2534 σοφὴ

664 2546 802 2605 γύναι,
824 2547 990 2604 μακρὰν
1010 2547 1184 2592 ἔτεινας·
1217 2547 1254 2591 εἶ
1276 2546 1313 2591 δ’
1337 2546 1552 2604 ἐτητύμως

664 2621 801 2676 μόρον
820 2620 896 2663 τὸν
916 2619 1045 2674 αὐτῆς
1065 2615 1208 2670 οἶσθα,
1230 2623 1335 2670 πῶς,
1359 2619 1569 2675 θεηλάτου

665 2691 771 2737 Βοὸς
792 2690 926 2747 δίκην,
947 2691 1056 2748 πρὸς
1075 2691 1225 2746 βωμὸν
1245 2691 1463 2746 εὐτόλμως
1482 2693 1630 2737 πατεῖς
1641 2709 1656 2743 3

311 2787 425 2844 Illa
452 2787 681 2863 placide
712 2807 850 2844 cum
878 2787 1196 2844 incredulis
1225 2790 1626 2864 argumentari
1645 2786 1692 2857 ¹³,

665 2905 782 2946 οὔτοι
803 2902 1003 2957 δυσοίζω,
1026 2902 1186 2959 θάμνον
1206 2903 1263 2948 ὧς
1283 2901 1412 2959 ὅρνις,
1434 2903 1566 2962 φόβῳ

665 2974 824 3019 ἄλλως.

315 3075 412 3132 Ita
441 3077 683 3132 demum
715 3076 1046 3133 devincitur
1075 3075 1255 3133 Chori
1286 3076 1482 3133 fatalis
1511 3077 1852 3151 pertinacia,
1877 3077 2065 3152 eique,

315 3178 597 3246 tanquam
629 3190 765 3229 vera
792 3172 1122 3248 auguranti,
1152 3172 1297 3228 dant
1325 3191 1535 3229 manus
1555 3182 1611 3228 c:

666 3292 700 3335 ὦ
720 3294 896 3349 τλῆμον,
918 3293 1111 3351 οἰκτείρω
1133 3311 1187 3337 σε
1208 3292 1435 3349 θεσφάτου
1454 3294 1606 3349 μόρου.

315 3401 641 3466 PostremO,
672 3401 732 3457 in
776 3408 1032 3458 mortem
1073 3403 1146 3458 de
1187 3419 1361 3458 scena
1395 3401 1744 3478 digredienS‚
1775 3401 2064 3476 poenitere

341 3582 363 3606 z
384 3576 537 3631 Ayam.
564 3576 690 3630 1284.
813 3584 835 3607 ³
867 3576 976 3619 Ibid.
1006 3576 1130 3620 1266.
1259 3575 1282 3606 b
1315 3576 1426 3619 Ibid.
1455 3577 1580 3633 1287.
1714 3584 1734 3606 0
1767 3576 1878 3620 Ibid.
1906 3589 2032 3632 1292.
