2320 4126
210 276 359 309 PRAEL.
391 276 459 307 1x.
553 274 612 307 ea
625 255 945 324 praesertim,
974 271 1087 323 quse
1112 254 1235 306 Diis
1258 255 1411 307 solent
1436 255 1610 308 tribui.
1854 259 1952 308 141

496 395 665 452 χρυσὸν
686 393 722 438 δ’
743 394 871 439 αὐτὸς
889 393 1006 437 ἔδυνε
1028 393 1127 450 περὶ
1145 392 1262 450 χροῒ,
1285 392 1422 451 γε’ντο’
1446 392 1483 436 δ’
1507 393 1723 450 ἱμάσθλην
1763 401 1784 405 ”

495 466 719 524 χρυσείην,
741 468 955 517 εὔτυκτον,
977 466 1050 508 ἑοῦ
1071 464 1107 508 δ’
1130 463 1378 520 ἐπεβήσατο
1400 465 1576 523 δίφρου.

493 538 701 594 μάστιξεν
722 537 758 580 δ’
782 538 927 581 ἐλάαν·
961 537 1020 580 τὼ
1042 535 1077 580 δ’
1101 537 1177 579 οὐκ
1198 536 1348 579 ἅκοντε
1368 535 1587 593 πετέσθην

493 610 719 666 μεσσηγὺς
738 610 862 667 γαίης
881 627 929 653 τε
950 609 1018 652 καὶ
1039 610 1221 666 οὐρανοῦ
1241 609 1535 667 ἀστερόεντος.

482 680 604 737 Ἴδην
625 680 661 725 δ’
685 680 824 725 ἵκανεν
843 681 1132 733 πολυπίδακα,
1154 680 1314 738 μητέρα
1335 681 1491 740 θηρῶν,

493 754 728 811 Γάργαρον,
741 753 842 797 ἔνθα
863 752 909 796 δέ
931 753 972 796 οἱ
992 751 1176 808 τέμενος,
1197 754 1344 808 βωμός
1365 772 1411 796 τε
1442 751 1598 808 θυήεις·

490 823 575 869 ἔνθ’
596 823 752 869 ἵππους
771 825 936 880 ἔστησε
955 823 1095 882 πατὴρ
1117 823 1281 881 ἀνδρῶν
1303 843 1349 868 τε
1372 824 1481 868 θεῶν
1501 843 1563 875 τε,

489 896 631 942 λύσας
651 897 700 954 ἐξ
720 896 873 954 ὀχέων,
896 897 1002 940 κατὰ
1024 896 1060 940 δ’
1082 895 1186 954 ἠέρα
1204 898 1371 941 πουλὺν
1391 898 1553 955 ἔχευεν.

484 971 616 1016 αὐτὸς
637 969 672 1013 δ’
697 970 742 1014 ἐν
763 971 985 1027 κορυφῇσι
1007 969 1222 1023 καθέζετο,
1247 968 1365 1013 κύδεϊ
1383 970 1530 1028 γαίων,

487 1043 695 1100 εἰσορόων
714 1044 870 1100 Τρώων
889 1060 936 1085 τε
955 1043 1085 1086 πόλιν
1108 1042 1173 1085 καὶ
1191 1044 1290 1098 νῆας
1309 1041 1497 1099 Ἀχαιῶν
1506 1048 1535 1086 ⁰·

279 1175 369 1234 At
407 1176 566 1233 enim
597 1175 756 1231 dicat
793 1172 1020 1247 aliquis,
1052 1173 1127 1229 ad
1157 1179 1399 1247 captum
1430 1172 1589 1230 illius
1629 1174 1820 1229 aetatis
1849 1193 1944 1231 ac-

196 1273 553 1332 commodari
583 1270 783 1328 omnia
808 1288 823 1338 ;
870 1270 954 1326 nil
983 1270 1132 1327 adeo
1162 1269 1404 1345 planum
1438 1270 1631 1327 facere
1662 1270 1736 1327 de
1766 1271 1949 1346 ipsius

196 1369 443 1428 Homeri
495 1368 723 1425 studiis.
812 1366 1097 1434 Primum,
1141 1366 1289 1423 illud
1335 1366 1481 1424 velis
1533 1367 1835 1442 equisque,
1881 1376 1950 1425 ut

192 1468 374 1533 aiunt,
399 1463 789 1522 obtinendum
819 1469 998 1538 puto:
1030 1464 1416 1520 mediocrium
1449 1482 1575 1520 esse
1607 1462 1947 1532 Poetarum,

191 1569 258 1618 ut
315 1559 527 1618 saeculo
579 1559 1013 1635 obtemperent,
1067 1558 1338 1627 Homeri,
1385 1566 1447 1616 et
1494 1560 1645 1634 siqui
1695 1559 1947 1618 Homeri

191 1657 408 1715 similes
437 1657 783 1724 extiterunt,
807 1663 876 1713 ut
905 1675 1072 1713 suam
1102 1657 1299 1732 potius
1330 1656 1582 1714 formam
1613 1657 1946 1733 faciemque

189 1753 508 1830 aequalibus
552 1753 671 1810 suis
714 1753 1054 1828 imprimere
1097 1752 1351 1809 valeant.
1440 1753 1693 1821 Deinde,
1731 1755 1946 1829 quibus

187 1851 448 1908 maxime
504 1850 735 1907 indiciis
793 1850 933 1925 quid
992 1850 1103 1907 sibi
1162 1849 1349 1906 velint
1413 1850 1688 1926 aperiunt
1744 1854 1944 1928 magni

187 1949 512 2023 scriptoreS‚
541 1966 610 2004 ea
638 1947 1021 2003 inveniuntur
1049 1946 1145 2003 hic
1176 1946 1289 2003 loci
1323 1948 1537 2004 omnia.
1628 1948 1942 2024 Nusquam

187 2044 378 2101 fluunt
449 2044 709 2101 carmina
775 2043 1023 2110 facilius,
1097 2062 1387 2119 nusquam
1454 2051 1559 2101 aut
1624 2047 1945 2103 torrentior

186 2141 496 2198 verborum
547 2141 734 2215 copia,
779 2147 883 2197 aut
933 2140 1212 2215 liquidius
1264 2140 1563 2216 explicata
1613 2143 1941 2219 imaginum

186 2236 448 2303 varietaS,
482 2254 658 2311 quam
690 2235 793 2292 ubi
825 2235 987 2293 Deos
1016 2237 1090 2293 ad
1120 2236 1321 2312 praelia
1349 2238 1625 2316 accingit.

475 2369 608 2426 αὐτὰρ
628 2367 845 2426 Ἀθηναίη,
868 2368 997 2427 κούρη
1020 2369 1122 2416 Διὸς
1141 2370 1370 2429 αἰγιόχοιο,

473 2441 642 2486 πέπλον
662 2442 740 2499 μὲν
761 2440 988 2498 κατέχευεν
1009 2443 1132 2487 ἑανὸν
1151 2444 1316 2500 πατρὸς
1338 2442 1401 2487 ἐπ’
1424 2444 1555 2495 οὔδει,

471 2513 682 2577 ποίκιλον,
705 2512 754 2558 ὅν
773 2512 812 2571 ῥ’
835 2513 939 2570 αὐτὴ
955 2512 1169 2570 ποιήσατο
1193 2515 1261 2558 καὶ
1282 2515 1387 2572 κάμε
1407 2516 1577 2574 χερσίν·

472 2585 498 2642 ἡ
520 2586 567 2629 δὲ
587 2584 731 2643 χιτῶν’
754 2585 914 2630 ἐνδῦσα
936 2586 1038 2631 Διὸς
1059 2585 1417 2644 νεφεληγερέταο,

471 2656 673 2715 τεύχεσιν
694 2657 737 2702 ἐς
755 2659 948 2714 πόλεμον
969 2657 1225 2715 θωρήσσετο
1247 2658 1520 2715 δακρυόεντα.

470 2730 584 2788 ἀμφὶ
605 2728 641 2772 δ’
663 2728 728 2787 ἄρ’
751 2728 932 2786 ὤμοισιν
950 2729 1099 2782 βάλετ’
1123 2730 1269 2788 αἰγίδα
1290 2730 1646 2774 θυσσανόεσσαν.

679 2814 705 2842 *
1003 2815 1030 2842 *
1329 2815 1355 2842 *

469 2873 591 2931 κρατὶ
612 2871 648 2917 δ’
671 2872 735 2917 ἐπ’
757 2872 1018 2931 ἀμφίφαλον
1037 2871 1184 2929 κυνέην
1205 2872 1303 2917 θέτο
1324 2875 1666 2933 τετραφάληρον,

466 2945 691 3003 χρυσείην,
713 2946 864 2989 ἑκατὸν
883 2945 1047 2989 πολίων
1067 2944 1306 3003 πρυλέεσσ’
1328 2946 1548 3003 ἀραρυῖαν.

465 3017 509 3063 ἐς
530 3016 566 3060 δ’
590 3015 695 3075 ὄχεα
715 3019 891 3076 φλόγεα
910 3018 1018 3062 ποσὶ
1038 3016 1219 3074 βήσετο·
1253 3018 1406 3073 λάζετο
1429 3017 1464 3062 δ’
1487 3019 1618 3077 ἔγχος

465 3089 610 3146 βριθὺ,
631 3087 756 3147 μέγα,
780 3091 1007 3146 στιβαρόν,
1029 3093 1088 3150 τῷ
1112 3090 1299 3147 δάμνησι
1321 3090 1479 3148 στίχας
1498 3090 1665 3148 ἀνδρῶν

463 3160 626 3218 ἡρώων,
647 3161 789 3206 τοῖσίν
809 3180 856 3206 τε
877 3160 1132 3207 κοτέσσεται
1152 3162 1456 3220 ὀβριμοπάτρη
1466 3161 1495 3205 f.

177 3276 264 3334 Ut
308 3279 712 3345 concedamUS,
742 3277 1048 3354 popularia
1091 3297 1236 3348 esse,
1267 3298 1396 3353 quae
1435 3284 1766 3345 narrantur,
1798 3299 1930 3337 nar-

176 3373 355 3429 rantis
412 3371 612 3430 tamen
670 3374 866 3431 vivida
924 3375 1010 3431 vis
1078 3380 1140 3430 et
1205 3373 1460 3449 simplex
1520 3393 1648 3448 quae
1712 3375 1929 3432 dicitur

437 3597 457 3619 e
490 3589 542 3633 Il.
565 3591 654 3634 viii.
675 3605 751 3644 41.
1463 3588 1479 3619 f
1507 3605 1549 3633 v.
1575 3600 1674 3648 733.
