2320 4126
149 258 303 290 PRAEL.
326 257 435 289 vm.
480 239 646 302 Quare
661 237 842 306 paullo
868 238 1207 306 importunius
1231 237 1416 289 ibidem
1442 238 1741 308 disputetur.
1787 242 1892 292 113

149 377 476 454 Virgilius:
550 378 651 451 qui
723 395 827 433 suo
879 376 1081 433 AEneae
1154 384 1186 407 ‘⁶
1226 376 1563 451 famamque
1637 384 1698 433 et
1771 378 1893 434 fata

146 471 481 546 nepotum,''
537 489 642 544 per
698 471 970 547 clypeum
1018 470 1291 537 Vulcani,
1347 471 1576 528 dederit
1634 472 1890 528 ferenda.

150 567 447 624 Nimirum
496 566 701 623 AEneae
753 566 914 623 Deos
973 566 1148 623 modo
1208 566 1489 624 tutelares
1552 566 1890 635 Quiritium,

149 661 368 718 Achilli
426 662 703 735 quicquid
754 663 977 736 ubique
1029 670 1120 718 est
1173 661 1456 729 Deorum,
1515 663 1577 718 in
1635 669 1776 719 vota
1825 682 1893 720 ac

146 776 344 834 preces
379 759 571 814 vocari
613 758 783 814 facile
827 758 1154 834 intelligas:
1200 759 1484 833 siquidem
1523 758 1626 814 illo
1657 778 1892 834 quoque

147 859 425 927 tempore,
474 853 520 908 si
573 854 716 909 fides
745 853 1039 928 AEschylo,
1093 854 1360 910 solebant
1410 854 1701 911 bellantes
1751 855 1894 928 quid

147 948 252 1005 sibi
318 946 538 1003 vellent
605 949 852 1022 depictis
918 949 1098 1005 scutis
1171 949 1484 1006 declarare.
1601 948 1895 1006 Universa

145 1042 342 1115 itaque
426 1041 642 1098 Mundi
723 1044 897 1117 hujus
970 1063 1300 1119 compages,
1361 1043 1547 1118 qualis
1624 1050 1751 1100 erat
1832 1044 1894 1099 in

147 1135 396 1194 Achillis
439 1138 660 1214 clypeO,
706 1158 842 1195 cum
887 1139 1046 1195 omni
1088 1140 1374 1196 varietate
1410 1141 1546 1195 vitae
1584 1139 1893 1196 hominum

148 1233 476 1307 conjuncta,
517 1234 727 1307 ecquid
767 1234 925 1290 aliud
965 1254 1081 1309 prae
1111 1253 1173 1291 se
1205 1235 1344 1291 tulit
1382 1235 1685 1300 indicium,
1717 1253 1894 1308 quam

146 1327 310 1395 illud,
353 1330 757 1404 dignissimum
799 1330 1040 1386 alumno
1072 1329 1372 1386 Deorum:
1428 1329 1601 1386 Nihil
1643 1348 1894 1404 usquam

147 1423 354 1481 divinae
418 1443 544 1481 esse
603 1427 901 1501 potentiae,
961 1446 1077 1500 quo
1144 1445 1262 1482 non
1326 1426 1429 1482 ille
1493 1425 1770 1482 fidentior
1833 1426 1894 1483 in

147 1538 404 1595 pugnam
434 1521 720 1595 prodeat?

229 1615 456 1674 Verum
501 1616 624 1673 haec
668 1619 844 1674 missa
882 1619 1181 1686 faciamuS,
1226 1639 1302 1675 ne
1345 1620 1596 1675 nimium
1636 1622 1895 1697 argutias

147 1713 353 1768 sectari
387 1713 702 1770 videamur.
791 1714 950 1770 Illud
995 1723 1155 1771 certe
1195 1734 1371 1771 nemo
1411 1716 1687 1791 negabit3
1735 1716 1898 1784 Quo-

147 1807 303 1864 niam
354 1827 491 1864 cum
549 1811 859 1884 majestate
906 1812 1157 1885 quadam
1219 1819 1346 1867 erat
1398 1813 1562 1886 quasi
1612 1814 1900 1870 tardanda

147 1907 416 1973 narratio,
464 1908 686 1981 optime
739 1906 1117 1981 Scriptorem,
1170 1907 1387 1981 alioqui
1439 1908 1894 1982 rapidissimum,

148 2019 217 2056 ea
258 2002 625 2076 potissimum
665 2003 856 2078 operis
892 2003 979 2059 sui
1019 2011 1189 2078 parte
1233 2003 1436 2079 longas
1480 2002 1610 2060 illas
1648 2004 1898 2061 traxisse

149 2097 439 2173 ambages
1167 2089 1172 2094 ¹

252 2192 411 2260 Quin
469 2200 530 2250 et
589 2194 796 2250 eodem
848 2194 1023 2268 plane
1070 2194 1330 2260 001181110,
1388 2201 1519 2250 toto
1578 2194 1746 2262 libro,
1797 2196 1899 2269 qui

148 2290 414 2362 proxime
459 2291 740 2364 sequitur,
781 2291 1073 2346 causando
1114 2297 1176 2346 et
1223 2291 1624 2347 concionando
1665 2297 1901 2365 tempus

149 2383 324 2440 terit:
390 2385 489 2458 qui
537 2386 778 2459 ‘quidem
833 2386 998 2451 liber,
1050 2394 1118 2442 ut
1170 2405 1373 2442 verum
1426 2386 1629 2451 fatear,
1681 2385 1901 2442 lentius

147 2478 289 2534 mihi
335 2480 515 2536 videri
564 2480 715 2537 solet
754 2483 1098 2557 negotium;
1142 2482 1251 2538 nisi
1290 2481 1442 2537 forte
1478 2487 1651 2555 putet
1691 2481 1901 2554 aliquis

149 2572 385 2632 liberius
431 2575 526 2632 hic
573 2576 777 2632 lusisse
822 2576 1172 2643 Homerum,
1215 2583 1277 2632 et
1319 2577 1381 2631 in
1426 2575 1898 2651 Agamemnonis

149 2670 237 2725 sui
291 2689 538 2744 persona
586 2678 839 2738 notasse,
883 2671 1079 2745 qualia
1125 2670 1471 2726 diverticula
1515 2671 1624 2727 sibi
1669 2671 1899 2746 fingant

146 2765 429 2834 homineS,
461 2767 629 2841 siqui,
668 2767 866 2842 paullo
909 2767 1151 2823 elatiore
1195 2768 1407 2832 animo,
1439 2786 1559 2823 non
1604 2769 1745 2824 satis
1785 2769 1894 2824 sibi

148 2861 399 2936 placent,
440 2880 634 2917 rerum
679 2880 714 2918 a
757 2881 818 2918 se
861 2869 1123 2918 actarum
1169 2863 1472 2919 memoria.
1561 2862 1739 2919 Certe
1779 2882 1898 2920 non

147 2956 403 3013 multum
455 2956 771 3013 abhorrent
813 2975 848 3013 a
889 2947 996 3013 tali
1047 2957 1394 3031 suspicione,
1440 2976 1570 3031 quae
1614 2957 1747 3014 Rex
1794 2959 1896 3015 ille

151 3049 384 3126 Regum
442 3049 571 3107 loco
622 3051 763 3107 satis
816 3051 1008 3108 alieno
1068 3059 1318 3120 enarrat,
1373 3053 1446 3108 de
1498 3052 1778 3109 Herculis
1836 3062 1898 3109 et

152 3145 464 3221 Eurysthei
522 3147 831 3224 natalibUS,
885 3149 958 3203 de
1002 3147 1155 3204 Jove
1208 3167 1313 3222 per
1357 3147 1657 3204 Junonem
1717 3148 1898 3215 elus0,

152 3241 224 3297 de
282 3239 588 3298 Discordia
649 3242 796 3298 coelo
856 3243 1188 3299 exturbata.
1300 3242 1595 3298 Naturam
1657 3243 1897 3315 quidem

150 3337 334 3410 ipsam
396 3356 712 3412 verumque
782 3357 901 3394 non
965 3337 1120 3394 male
1178 3338 1357 3393 refert
1414 3337 1571 3392 illius
1623 3337 1902 3411 colloquii

151 3436 337 3498 tenor,
368 3431 507 3488 licet
536 3433 610 3489 ab
640 3434 913 3508 ampullis
942 3433 1191 3489 heroicis
1233 3439 1294 3487 et
1324 3433 1637 3488 verborum
1673 3434 1901 3508 magni-

152 3525 386 3585 ficentia
427 3528 657 3604 longius
698 3529 942 3585 fortasse
985 3529 1260 3584 recedere
1292 3527 1580 3584 videatur.
1669 3527 1789 3585 Sed
1828 3529 1901 3586 de

1011 3639 1035 3678 Ι
