2320 4126
320 229 429 285 292
451 227 534 279 De
547 223 878 297 simplicitate
891 220 1204 294 AEsohylea:
1227 226 1432 290 Persoe,
1454 225 1796 279 Prometheus,
1823 244 2129 279 PRAEL.xv11.
2185 261 2190 266 -

321 374 663 451 praesertim
706 373 1008 432 navalem.
1097 372 1139 430 J
1141 391 1259 441 am,
1301 372 1406 448 qui
1448 391 1732 450 personas
1767 372 2129 441 numerabit,

325 471 600 530 inveniet
648 470 971 530 Persarum
1011 470 1281 529 fabulam
1318 471 1615 529 contineri
1646 471 1915 547 partibus
1945 472 2133 529 trium

322 569 450 629 fere
480 576 774 638 actorum,
809 568 1013 637 Chori,
1046 566 1302 636 Atossae,
1337 566 1508 627 Darii
1539 568 1616 627 ab
1645 569 1851 627 inferis
1876 570 2131 627 evocati.

325 667 493 727 Nam
542 667 773 725 Xerxis
824 666 1030 743 ipsius,
1069 685 1238 723 mero
1287 685 1350 724 se
1398 666 1572 724 luctu
1613 665 1997 735 effundentiS,
2031 667 2132 723 vix

323 766 450 825 ulla
494 766 678 824 debet
726 764 843 822 hoc
891 763 1026 822 loco
1077 763 1288 822 haberi
1340 765 1512 822 ratio.
1603 764 1782 835 Quod
1826 766 1881 823 'si
1922 784 2135 823 conce-

330 864 545 922 damus
576 864 706 940 ejus
736 863 824 920 rei
854 863 918 920 in
954 882 1136 921 causa
1164 862 1367 932 fuisse,
1399 862 1602 937 aliqua
1632 871 1797 921 certe
1827 884 1906 922 ex
1945 871 2132 940 parte,

330 963 755 1040 imperfectam
813 961 1012 1019 adhuc
1079 962 1415 1037 rudemque
1477 961 1807 1040 Tragoediae
1860 963 2133 1031 formam,

323 1064 422 1122 cui
468 1062 699 1139 primus
744 1062 873 1138 ipse
918 1058 1241 1138 AEschylus
1288 1060 1536 1119 secundi
1582 1060 1889 1118 histrionis
1934 1068 2134 1138 partes

322 1162 596 1230 addidit3
663 1167 727 1218 at
781 1159 967 1237 ipsius
1013 1166 1223 1218 tamen
1271 1158 1497 1228 Poetae,
1541 1160 1738 1227 cred0,
1786 1167 1931 1227 erat,
1971 1160 2132 1235 quod

322 1259 781 1337 simplicitatem
833 1259 1015 1316 istam
1066 1257 1236 1316 nulla
1287 1277 1556 1334 unquam
1609 1265 1742 1316 arte
1796 1258 2136 1326 variaverit,

322 1359 429 1416 sed
479 1357 544 1415 in
593 1376 665 1415 eo
715 1363 884 1414 totus
932 1356 1134 1424 fuerit,
1182 1362 1252 1413 ut
1295 1374 1443 1431 quas
1495 1375 1717 1433 paucas
1759 1356 2133 1415 adhibuisset

324 1475 627 1534 personae,
658 1455 791 1513 illas
815 1461 959 1513 ante
982 1453 1189 1513 oculos
1213 1473 1524 1531 expressas
1549 1464 1820 1532 poneret,
1847 1456 2132 1531 omnique

321 1574 577 1615 numero
629 1554 957 1613 absolutaS.
1048 1550 1247 1631 Ipsius
1299 1554 1487 1611 etiam
1535 1562 1682 1624 erat,
1737 1556 1898 1632 quod
1948 1556 2011 1612 in
2059 1573 2133 1611 eo

325 1654 595 1713 carmine
624 1653 789 1710 nuda
817 1671 1059 1729 prorsus
1088 1651 1433 1710 narratione
1456 1672 1551 1711 res
1579 1653 1915 1722 conficitur,
1947 1651 2135 1721 nu110,

329 1771 513 1830 quem
551 1757 792 1818 vocant,
824 1751 1002 1818 nod0,
1036 1749 1205 1808 nulla
1234 1750 1583 1830 περιπετείᾳ.
1657 1751 1941 1822 Tantum,
1974 1750 2137 1827 quod

325 1851 503 1910 initio
529 1869 736 1910 sumus
768 1848 1042 1918 ominati,
1067 1847 1268 1918 πάθος,
1293 1850 1356 1907 id
1379 1846 1571 1927 magis
1602 1851 1915 1928 magisque
1937 1869 2138 1908 accre-

331 1953 464 2018 scit,
497 1950 870 2028 procedente
901 1946 1123 2017 fabula,
1155 1967 1348 2025 usque
1379 1949 1527 2006 dum
1558 1950 1891 2008 certissimo
1921 1949 2136 2007 nuntio

332 2051 592 2109 vertitur
621 2050 684 2108 in
715 2048 952 2107 luctum
980 2055 1166 2123 atque
1196 2048 1261 2105 in
1288 2066 1611 2105 moerorem
1641 2049 2019 2107 acerrimum.

418 2149 623 2209 Venio
682 2166 845 2205 nunc
904 2147 981 2204 ad
1044 2146 1413 2205 Promethea
1461 2145 1759 2206 Vinctum
1786 2167 1799 2206 :
1867 2166 2009 2207 nam
2060 2149 2136 2208 ad

331 2248 592 2307 eandem
621 2244 1017 2326 τετραλογίαν
1046 2245 1409 2322 pertinuisse
1438 2245 1612 2303 aiunt
1652 2245 1865 2305 Persas
1897 2254 1960 2305 et
1992 2247 2138 2306 Pro—

329 2346 578 2406 methea
621 2339 967 2425 πυρφόρονῗ,
1015 2363 1148 2419 quae
1191 2347 1297 2401 τοῦ
1339 2343 1653 2412 Δεσμώτου
1690 2346 2137 2421 quodammodo

329 2445 526 2521 prima
555 2462 692 2521 pars
723 2451 887 2501 erat:
941 2443 1147 2518 itaque
1186 2458 1327 2500 eum
1370 2461 1493 2500 non
1533 2442 1715 2520 longo
1745 2450 2036 2521 tempore,
2068 2453 2139 2503 ut

334 2543 566 2619 opinor,
609 2542 950 2619 praecedere
991 2540 1223 2598 debuit.
1314 2539 1463 2617 Ejus
1501 2547 1710 2598 autem
1751 2560 1888 2617 quae
1933 2561 2139 2621 super-

331 2648 426 2700 est
457 2640 678 2700 fabulae
708 2640 924 2698 eadem
948 2640 1140 2698 ferme
1171 2645 1355 2715 atque
1380 2637 1700 2697 Persarum
1731 2647 1824 2698 est
1859 2641 2030 2710 rati0,
2061 2642 2138 2700 ab

330 2741 508 2798 initio
553 2759 744 2817 usque
789 2739 867 2797 ad
897 2740 1083 2797 finem
1128 2758 1251 2796 uno
1291 2745 1504 2796 tenore
1545 2738 1935 2809 decurrentis,
1972 2740 2138 2799 nulla

331 2844 440 2897 aut
470 2857 674 2896 rerum
701 2837 1110 2906 conversione,
1135 2843 1241 2895 aut
1271 2836 1583 2913 inopinato
1615 2854 1930 2894 causarum
1954 2856 2135 2896 nexu.

335 2934 561 2992 Fateor
591 2935 897 3010 equidem,
921 2934 1196 3011 pluribus
1220 2953 1355 2991 eam
1379 2934 1547 3010 quasi
1577 2932 1907 2992 luminibus
1936 2953 2138 3011 perso-

334 3051 549 3090 narum
581 3031 890 3110 distingui,
922 3033 1116 3109 primo
1149 3031 1577 3109 Nympharum
1616 3032 1887 3102 introitu,
1919 3033 2137 3092 deinde

335 3130 586 3199 Oceani,
617 3136 926 3207 postremo
959 3129 1068 3187 Ius
1099 3129 1385 3206 inquietae
1415 3129 1576 3189 illius
1607 3149 1677 3189 ac
1696 3149 1877 3209 vagae.
1924 3133 2137 3209 Atque

334 3236 406 3288 ut
436 3229 499 3287 id
531 3229 692 3306 quod
735 3248 830 3287 res
871 3235 965 3286 est
1006 3229 1221 3297 dicam,
1254 3228 1500 3286 liberius
1535 3228 1634 3287 hic
1664 3249 1846 3305 quam
1882 3249 2136 3307 usquam

335 3327 483 3386 alias
528 3347 848 3386 excurrere
892 3327 1042 3384 mihi
1088 3327 1331 3384 videtur
1383 3326 1720 3404 AEschyluS,
1768 3335 1832 3386 et
1883 3329 1958 3387 ad
2004 3327 2137 3387 Ho-

335 3424 545 3482 merici
587 3425 726 3502 styli
758 3425 1117 3483 facilitatem
1154 3432 1218 3482 et
1264 3424 1640 3482 celeritatem
1682 3427 1925 3502 propius
1968 3446 2137 3485 acce-

1022 3645 1039 3676 s
1066 3646 1177 3701 Arg]-
1201 3646 1247 3689 in
1270 3646 1396 3689 Pers.
