2320 4126
136 290 289 322 PRAEL.
306 289 395 321 xv,
436 270 641 330 Fatooie,
668 285 738 319 aii
777 266 969 316 Virtuti
981 265 1105 333 plus
1129 263 1323 314 dederit
1349 263 1616 313 Homerus.
1780 261 1887 314 259

136 412 491 470 Gravissima
513 427 651 466 sane
676 414 738 464 et
768 406 1108 482 plenissima
1137 403 1376 478 pietatis
1406 402 1610 466 orati0,
1632 419 1886 474 quaeque

134 509 285 565 haud
332 506 607 581 ambigue
645 505 874 567 doceat,
913 500 1118 576 quanti
1161 501 1237 556 sit
1277 500 1337 554 in
1382 497 1557 555 rebus
1601 495 1886 571 religiosis

134 610 200 659 ut
247 621 308 658 se
353 601 672 676 prudenter
712 604 1090 673 compescant
1134 614 1202 652 ac
1247 598 1558 650 coerceant
1600 590 1885 646 homineS.

134 698 308 766 Quid,
342 697 495 771 quod
528 696 814 752 abeuntes
845 694 1020 749 modo
1054 691 1155 747 Dii
1194 689 1477 747 scintillas
1517 687 1712 743 nescio
1743 705 1886 761 quas

135 811 208 847 ex
239 811 300 849 se
330 793 583 847 emicare
614 790 922 865 patiuntur
935 787 1006 845 ¹¹?

367 925 392 980 ἡ
413 925 492 981 μὲν
512 923 577 981 ἄρ’
601 924 657 968 ὡς
677 923 843 966 εἰποῦσ’
867 921 1008 976 ἀπέβη
1029 923 1277 978 γλαυκῶπις
1296 918 1470 974 Ἀθήνη,

366 995 482 1054 ὅρνις
503 994 538 1039 δ’
562 995 618 1040 ὣς
639 993 822 1038 ἅνοπαῖα
843 993 1058 1037 διέπτατο·
1092 995 1152 1051 τῷ
1175 991 1210 1034 δ’
1235 991 1296 1035 ἐνὶ
1319 991 1437 1050 θυμῷ

372 1068 473 1124 θῆκε
493 1066 620 1123 μένος
642 1066 710 1108 καὶ
731 1065 909 1122 θάρσος,
931 1063 1176 1120 ὑπέμνησεν
1196 1063 1244 1106 τέ
1264 1064 1285 1105 ἑ
1305 1063 1468 1119 πατρὸς

366 1141 536 1195 μᾶλλον
554 1136 613 1182 ἔτ’
637 1137 661 1193 ἢ
684 1138 733 1181 τὸ
754 1136 972 1194 πάροιθεν·
1008 1138 1031 1178 ὁ
1053 1136 1100 1179 δέ
1122 1136 1287 1192 φρεσὶν
1305 1132 1385 1190 ᾗσι
1408 1134 1580 1190 νοήσας,

369 1210 596 1267 θάμβησεν
616 1211 722 1253 κατὰ
743 1208 892 1265 θυμὸν,
915 1204 1068 1252 ὀΐσατο
1089 1207 1174 1265 γὰρ
1197 1206 1295 1251 θεὸν
1315 1205 1434 1251 εἶναι.

139 1332 462 1407 Utcunque
486 1332 639 1389 clare
662 1350 724 1388 se
748 1331 1081 1398 ostendant,
1106 1331 1466 1406 cogitatione
1487 1330 1688 1405 magis,
1715 1347 1893 1403 quam

138 1428 340 1494 oculis,
382 1428 541 1484 cerni
573 1428 808 1484 dixeriS.
899 1426 1210 1482 Interdum
1247 1426 1428 1483 etiam
1461 1427 1606 1482 dant
1636 1443 1893 1500 operam,

138 1534 205 1581 ut
235 1525 600 1581 sermonibus
630 1524 740 1600 ipsi
770 1530 1016 1580 utantur
1038 1522 1350 1598 ambiguis,
1374 1522 1475 1597 qui
1498 1523 1708 1578 miram
1741 1540 1896 1596 saepe

137 1620 358 1676 habent
403 1620 615 1676 divinae
658 1620 982 1693 majestatis
1026 1618 1536 1693 significationem,
1582 1624 1896 1692 postquam

136 1715 319 1772 semel
350 1715 546 1772 edocti
577 1734 780 1772 sumus
810 1715 953 1789 quid
983 1715 1023 1770 ii
1054 1733 1259 1771 revera
1289 1722 1518 1770 sonent.

224 1810 516 1884 Denique,
548 1811 706 1885 quod
751 1811 967 1867 cursim
1011 1810 1189 1865 modo
1232 1809 1681 1883 inspicientibus
1727 1809 1901 1864 mira-

154 1906 274 1963 bile
302 1907 550 1963 fortasse
596 1907 760 1963 dictu
799 1907 1088 1972 videatur,
1122 1904 1456 1961 Homerum
1501 1905 1738 1961 invenio
1783 1924 1902 1960 non

142 2003 318 2059 modo
350 2022 469 2059 non
499 2011 742 2070 temere,
774 2003 874 2058 sed
907 2002 1087 2057 etiam
1111 2000 1407 2075 exquisito
1429 2007 1755 2067 momentO,
1789 2000 1903 2058 dis-

144 2117 386 2172 pensare
409 2098 846 2174 quodammodo
872 2096 1137 2154 Deorum
1161 2115 1401 2153 suorum
1429 2115 1638 2172 opem:
1671 2097 1901 2171 pieque,

141 2192 370 2266 siquem
422 2191 620 2258 alium,
671 2211 739 2248 ac
797 2192 1135 2266 prudenter,
1185 2191 1257 2248 ad
1311 2191 1717 2267 gravissimam
1776 2211 1901 2248 rem

142 2288 438 2344 accedere.
527 2287 812 2344 Meminit
847 2287 1142 2354 nimirum,
1180 2306 1242 2343 se
1283 2306 1479 2344 coram
1522 2287 1789 2344 Numine
1827 2289 1900 2344 de

144 2383 318 2439 rebus
337 2382 603 2439 Deorum
623 2382 803 2457 loqui.
831 2382 1027 2450 Quam
1048 2382 1264 2439 vellem
1282 2383 1439 2439 idem
1461 2384 1676 2458 saepius
1694 2385 1905 2439 memi-

143 2480 366 2535 nissent
405 2487 466 2535 et
510 2479 613 2545 illi,
645 2478 745 2553 qui
780 2498 917 2535 cum
958 2477 1312 2534 carminibus
1348 2476 1657 2535 laudarent
1690 2497 1892 2535 verum

147 2574 356 2641 DEUM,
416 2595 626 2631 canere
685 2574 983 2631 debebant
1052 2592 1172 2629 non
1229 2573 1408 2629 modo
1467 2593 1621 2641 vera,
1680 2576 1782 2631 sed
1841 2584 1903 2632 et

142 2672 360 2747 gravia,
421 2672 531 2746 pia,
593 2670 824 2744 pudica,
882 2669 1214 2727 reverentia
1271 2670 1433 2724 omni
1493 2689 1560 2727 ac
1619 2670 1902 2746 religione

147 2767 339 2842 plena.

235 2956 353 3013 Sed
385 2959 663 3032 quoniam
708 2976 910 3016 eorum
943 2960 1042 3033 qui
1087 2978 1178 3016 res
1214 2959 1523 3015 hominum
1554 2958 1752 3014 divino
1796 2960 1907 3014 im-

148 3052 309 3126 perio
353 3054 445 3129 agi
488 3055 861 3122 arbitrantur,
907 3055 1004 3112 alii
1053 3054 1298 3111 Numen
1337 3055 1531 3130 ipsum
1584 3054 1903 3127 subjiciunt

113 3147 313 3203 ‘fatali
365 3150 599 3206 cuidam
646 3151 1003 3218 necessitati,
1047 3149 1144 3206 alii
1198 3150 1487 3224 subjicere
1536 3149 1646 3205 sibi
1700 3149 1906 3204 dicunt

152 3244 363 3314 omnia,
395 3245 631 3310 virtutis
667 3253 728 3301 et
758 3246 1073 3320 ,aequitatis
1107 3264 1352 3312 norma3
1398 3252 1459 3300 et
1494 3245 1555 3299 in
1586 3243 1695 3299 hac
1726 3245 1906 3299 etiam

149 3339 476 3411 quaestione
496 3341 635 3414 quid
656 3341 902 3410 senserit
926 3342 1196 3415 princeps
1221 3340 1561 3406 Poetarum,
1587 3339 1698 3393 erit
1717 3357 1907 3412 operae

153 3435 405 3505 pretium
438 3436 763 3509 exquirere.
855 3437 1060 3510 quue
1106 3436 1292 3510 magis
1333 3436 1393 3490 in
1432 3453 1501 3490 ea
1541 3454 1602 3490 re
1644 3434 1910 3490 laboran-

864 3604 887 3625 u
921 3596 1010 3639 Od.
1033 3597 1061 3638 i.
1086 3610 1187 3651 319.

981 3687 1008 3724 s
1042 3675 1077 3725 2
