2320 4126
323 203 435 259 236
704 206 924 260 Laudat
950 207 1214 260 Homerus
1237 224 1507 278 eyenorum
1532 206 1722 260 amicos
1736 227 1753 258 .·
1842 224 2002 258 PRAEL.
2021 223 2131 256 x1v.

324 354 518 412 cuerit
548 373 690 412 eum
718 354 835 413 ista
865 354 1069 413 omnia
1098 354 1424 431 perfectius
1455 353 1707 410 fortasse
1737 351 1932 410 multo
1952 371 2133 428 quam

322 452 451 528 ipse
483 451 689 510 vellet.

406 644 506 704 Ac
559 646 635 704 de
689 645 876 704 servis
927 646 1174 722 quidem
1228 645 1525 704 diximus:
1590 647 1694 722 qui
1752 645 1919 704 locus
1976 645 2126 703 mihi

320 745 562 802 videtur
608 745 772 802 haud
823 745 1108 823 indignus
1154 745 1257 821 qui
1306 745 1553 803 seorsim
1606 744 1928 822 aliquando
1974 752 2130 802 trac-

321 851 504 901 tetur.
598 843 786 901 Nunc
840 843 961 901 duo
1007 843 1104 901 vel
1151 844 1268 901 tria
1315 844 1598 920 quaedam
1647 844 1896 920 exsequi
1948 842 2129 901 liceat

320 941 615 1016 impressa
648 941 841 998 veluti
883 943 1139 1019 vestigia
1175 943 1589 1018 paupertatis:
1637 962 1768 1019 quae
1810 950 2129 1019 postquam

322 1039 842 1116 deprehenderam
886 1040 986 1099 hic
1031 1040 1156 1098 illic
1206 1060 1408 1117 sparsa
1452 1041 1516 1097 in
1556 1040 1899 1099 Homericis
1944 1039 2127 1107 libris,

321 1145 490 1196 certo
545 1139 770 1197 certius
822 1139 973 1196 mihi
1023 1139 1361 1207 videbatur,
1407 1141 1605 1216 ipsum
1660 1140 1861 1217 aliquo
1915 1140 2130 1199 saltem

321 1245 600 1314 tempore
631 1236 975 1295 conflixisse
1007 1257 1145 1296 cum
1180 1237 1398 1314 inopiae
1427 1238 1621 1296 maliS.
1712 1237 1934 1307 Primo,
1968 1238 2129 1314 quod

319 1336 681 1415 religionum
715 1336 908 1394 ferme
939 1337 1212 1394 omnium
1245 1336 1405 1412 apud
1437 1355 1580 1394 eum
1611 1343 1704 1395 est
1735 1337 2128 1403 sanctissima,

320 1454 461 1510 quae
494 1443 770 1492 versatur
799 1435 862 1491 in
893 1434 1260 1512 pauperibus
1292 1434 1589 1502 curandis,
1621 1442 1804 1510 atque
1834 1435 1896 1491 in
1928 1436 2130 1511 inopia

320 1533 711 1593 sublevanda.
802 1533 876 1591 Id
910 1534 1070 1615 quod
1103 1532 1303 1610 palam
1336 1534 1516 1590 docet
1549 1532 1815 1610 Ulysses,
1845 1532 2128 1592 Minerva

308 1632 570 1709 jubente
615 1651 937 1708 procorum
983 1650 1266 1690 coronam
1313 1631 1601 1699 ambienS,
1643 1631 1691 1688 si
1735 1631 1890 1689 forte
1935 1652 2127 1689 unum

320 1731 591 1788 inveniet
622 1738 807 1807 atque
832 1730 1114 1800 alterum,
1146 1730 1250 1807 qui
1281 1750 1404 1788 non
1436 1730 1514 1789 sit
1555 1731 1802 1789 omnino
1842 1731 1919 1789 ab
1961 1731 2126 1789 omni

320 1830 731 1889 misericordia
761 1829 1063 1888 alienusyz

567 1974 1154 1987 ....................
1171 1940 1309 2000 αὐτὰρ
1330 1938 1508 1998 Ἀθήνη,

562 2013 669 2073 ἄγχι
690 2032 1011 2072 παρισταμενη,
1035 2014 1307 2072 Λαερτιάδην
1326 2012 1526 2070 Ὀδυσῆα

565 2085 736 2146 ωτρυν’,
760 2088 818 2133 ὡς
838 2086 891 2130 ἂν
912 2085 1055 2146 πύρνα
1078 2087 1185 2131 κατὰ
1205 2089 1460 2146 μνηστῆρας
1480 2086 1664 2146 ἀγείροι,

561 2161 685 2220 γνοίη
710 2160 765 2214 θ’,
788 2159 943 2207 οἵτινές
966 2162 1081 2207 εἰσιν
1103 2152 1336 2220 ἐναίσιμοι,
1360 2163 1401 2205 οἱ
1423 2160 1459 2206 τ’
1482 2160 1731 2220 ἀθέμιστοι.

323 2286 580 2356 Deinde,
611 2307 734 2345 non
765 2287 930 2345 aliud
972 2288 1130 2364 sapit
1169 2287 1273 2345 ille
1307 2287 1587 2347 Nestoris
1618 2290 1830 2366 pudor,
1863 2290 2124 2348 vetantis

319 2386 588 2464 hospites
618 2388 682 2444 in
711 2405 930 2445 navem
961 2387 1047 2445 ire
1079 2387 1410 2445 dormitum
1422 2397 1462 2444 Ζ.

562 2524 667 2571 Ζεὺς
687 2523 780 2584 τόγ’
803 2523 1040 2581 ἀλεξήσειε
1062 2525 1133 2569 καὶ
1153 2524 1363 2571 ἀθάνατοι
1384 2525 1476 2570 θεοὶ
1497 2524 1646 2578 ἄλλοι,

561 2599 619 2645 ὣς
640 2598 763 2657 ὑμεῖς
783 2598 884 2658 παρ’
908 2599 1027 2656 ἐμεῖο
1050 2599 1156 2656 θοὴν
1177 2599 1249 2644 ἐπὶ
1271 2602 1351 2658 νῆα
1372 2600 1521 2653 κίοιτε,

559 2673 677 2718 ὥστε
698 2692 772 2717 τευ
794 2671 819 2729 ἢ
841 2673 961 2730 παρὰ
981 2673 1162 2731 πάμπαν
1182 2673 1408 2731 ἀνείμονος
1428 2672 1476 2731 ἧὲ
1496 2676 1725 2732 πενιχροῦ,

557 2744 593 2808 ᾦ
616 2750 715 2792 οὔτε
735 2747 915 2807 χλαίναι
937 2747 1008 2791 καὶ
1027 2747 1165 2807 ῥηγέα
1184 2748 1318 2793 πολλ’
1342 2749 1405 2794 ἐνὶ
1427 2747 1545 2811 οἴκῳ,

558 2820 646 2866 οὔτ’
670 2822 786 2882 αὐτῷ
807 2823 1030 2879 μαλακῶς,
1054 2824 1153 2867 οὔτε
1175 2822 1402 2879 ξείνοισιν,
1426 2822 1628 2869 ἐνεύδειν.

318 2943 464 3002 Non
494 2945 682 3003 semel
711 2946 1058 3023 agnoscitur
1086 2946 1360 3005 ciborum
1393 2966 1633 3024 quoque
1665 2946 2003 3014 discrimen,
2030 2947 2116 3005 ita

316 3041 549 3100 scilicet
588 3048 659 3099 ut
703 3042 856 3101 alius
897 3044 1286 3119 optimatium
1329 3046 1553 3103 mensis
1598 3044 1935 3114 conveniat,
1967 3044 2118 3104 alius

315 3141 481 3217 plebi
514 3148 577 3199 et
607 3141 955 3200 hominibus
985 3142 1213 3201 infimae
1245 3150 1463 3202 notaea.

556 3278 682 3324 ἔσθιε
703 3282 794 3332 νῦν,
817 3280 851 3325 ὦ
873 3280 1003 3336 ξεῖνε,
1026 3281 1130 3325 τάτε
1150 3280 1350 3338 δμώεσσι
1373 3281 1604 3340 πάρεστιν,

556 3351 711 3412 χοίρε’”
746 3353 856 3413 ἅταρ
880 3355 1065 3401 σιάλους
1085 3372 1138 3413 γε
1161 3352 1271 3400 σύας
1291 3356 1539 3412 μνηστῆρες
1557 3354 1751 3400 ἔδουσιν.

433 3536 449 3561 y
483 3527 575 3573 Od.
598 3529 706 3574 xvii.
730 3531 835 3587 360.
1170 3538 1190 3562 z
1213 3514 1281 3577 iii.
1308 3530 1412 3589 346.
1750 3538 1773 3561 a
1803 3531 1893 3575 xiv.
1917 3531 1990 3574 80.
