2320 4126
148 296 302 329 PRAEL.
325 293 440 326 v111.
533 273 752 331 Hector;
795 272 1176 341 Ayamemsnooz3
1218 270 1502 321 Diomedes,
1784 271 1886 320 121

148 419 374 477 effinxit
423 417 624 482 Poeta,
683 416 783 472 sed
842 421 1075 471 tantum
1137 415 1275 472 θεοῖς
1331 412 1628 468 ἐπιείκελον
1685 409 1854 490 ἄνδρά
1876 431 1891 479 ;

149 533 339 589 neque
378 532 514 570 cum
546 515 602 569 vi
637 512 750 568 ista
785 510 947 568 fatali
988 510 1253 565 fortunas
1293 509 1418 583 ejus
1458 508 1702 565 obscure
1743 516 1895 564 tem-

147 611 388 687 peravit.
479 608 648 665 Nihil
688 609 748 663 in
780 607 1043 663 Hectore
1073 624 1192 661 non
1221 605 1375 661 forte
1410 624 1477 661 ac
1518 604 1893 680 splendidum

150 716 348 765 sonat:
395 707 495 762 sed
536 707 633 761 vix
678 722 938 778 unquam
987 721 1124 759 eum
1169 702 1328 758 dicas
1370 701 1524 758 ultra
1565 701 1893 757 humanum

148 804 387 859 modum
447 818 764 876 assurgere.
854 798 1023 855 Sicut
1081 816 1232 854 unus
1290 797 1727 873 paterfamilias,
1788 816 1893 872 pro

150 900 335 975 patria
363 898 734 970 moriendum
767 897 942 952 docet
960 902 1006 951 g.

393 1018 507 1061 ἀλλὰ
526 1015 709 1075 μάχεσθ’
733 1017 802 1060 ἐπὶ
823 1017 973 1072 νηυσὶν
994 1017 1186 1063 ἀολλέες·
1220 1016 1267 1063 ὃς
1287 1017 1338 1061 δέ
1355 1035 1426 1062 κεν
1446 1017 1585 1074 ὑμέων

391 1087 618 1145 βλήμενος,
640 1091 688 1145 ἤε
708 1089 867 1140 τυπεὶς,
890 1088 1070 1133 θάνατον
1091 1090 1158 1132 καὶ
1178 1091 1344 1146 πότμον
1365 1089 1542 1146 ἐπίσπῃ,

393 1160 590 1204 τεθνάτω·
624 1163 675 1203 οὔ
695 1162 734 1203 οἱ
754 1161 889 1207 ἀεικὲς
908 1161 1153 1220 ἀμυνομένῳ
1174 1162 1273 1219 περὶ
1293 1162 1457 1219 πάτρης

392 1232 607 1290 τεθνάμεν·
640 1232 738 1276 ἀλλ’
760 1233 921 1291 ἄλοχός
941 1252 987 1277 τε
1009 1236 1092 1289 σόη
1116 1233 1184 1277 καὶ
1204 1234 1353 1279 παῖδες
1374 1234 1565 1286 ὀπίσσω,

393 1306 461 1347 καὶ
482 1302 595 1350 οἶκος
614 1306 681 1347 καὶ
703 1307 860 1363 κλῆρος
880 1304 1103 1362 ἀκήρατος,
1126 1304 1165 1348 εἴ
1184 1323 1254 1349 κεν
1272 1304 1442 1363 Ἀχαιοὶ

393 1376 592 1436 οἴχωνται
614 1379 695 1422 σὺν
716 1379 842 1434 νηυσὶ
863 1379 1000 1437 φίλην
1021 1378 1064 1423 ἐς
1082 1379 1268 1436 πατρίδα
1287 1381 1428 1437 γαῖαν.

148 1494 426 1553 Conferas
455 1515 540 1563 ea,
571 1497 782 1572 quibus
815 1496 1088 1553 Paride-m
1118 1494 1523 1573 alloquiturh:

381 1602 478 1646 ἀλλ’
500 1602 633 1661 ἴομεν·
671 1605 724 1648 τὰ
745 1603 781 1648 δ’
804 1603 987 1649 ὄπισθεν
1007 1603 1284 1662 ἀρεσσόμεθ’,
1307 1604 1354 1649 αἵ
1371 1605 1420 1649 κέ
1436 1606 1540 1650 ποθι
1561 1606 1663 1651 Ζεὺς

380 1673 481 1729 δώῃ,
503 1674 794 1730 ἐπουρανίοισι
816 1674 930 1719 θεοῖς
950 1674 1257 1732 αἶειγενετήσιν

379 1746 562 1802 κρητῆρα
584 1744 834 1802 στήσασθαι
856 1745 1084 1804 ἐλεύθερον
1105 1746 1150 1790 ἐν
1169 1746 1437 1815 μεγάροισιν,

378 1816 423 1859 ἐκ
443 1817 594 1874 Τροίης
615 1817 856 1864 ἐλασάντας
877 1817 1127 1875 ἐϋκνήμιδας
1145 1817 1359 1877 Ἀχαιούς.

149 1918 383 1977 Videtis
419 1919 592 1995 plane
622 1940 906 1996 quosnam
948 1923 1057 1978 sibi
1099 1931 1406 1998 proponat,
1437 1928 1607 1997 parta
1635 1923 1899 1992 victoria,

149 2017 488 2074 domesticae
542 2019 701 2093 pacis
752 2026 814 2075 et
866 2021 971 2076 otii
1023 2020 1267 2077 fructus.
1387 2020 1559 2076 Nihil
1611 2021 1899 2096 ejusmodi

151 2111 371 2170 Achilli
404 2114 765 2183 obversatur,
790 2123 1101 2192 postquam
1126 2117 1310 2174 semel
1340 2118 1495 2192 apud
1526 2137 1588 2175 se
1619 2118 1898 2183 decrevit,

150 2209 352 2285 gloriae
384 2230 523 2287 ergo
553 2213 923 2269 moriendum
956 2215 1113 2289 apud
1142 2214 1396 2289 Trojam.

261 2306 418 2374 Quid
484 2308 627 2365 alios
684 2311 1022 2369 moremur?
1122 2311 1580 2388 Agamemnona
1637 2310 1896 2378 scilicet;

151 2420 325 2476 quem
377 2407 531 2469 ἤθους
569 2404 871 2481 cujusdam
911 2407 1394 2486 ἀριστοκρατικοῦ,
1439 2409 1497 2464 ni
1546 2407 1734 2475 fallor,
1771 2427 1901 2483 spe-

150 2499 340 2556 cimen
397 2501 601 2558 haberi
652 2502 839 2559 voluit
888 2503 1106 2572 Poeta;
1172 2505 1375 2580 patriae
1432 2505 1899 2572 amantem,·sed

149 2596 470 2670 majestatis
500 2617 617 2654 suae
647 2599 1053 2656 amantiorem.

263 2691 420 2759 Quid
495 2693 868 2762 Diomedem,
942 2696 1288 2771 diligentem
1366 2715 1505 2753 sane
1578 2697 1899 2772 dignitatis,

150 2785 405 2856 honoris,
444 2789 627 2844 immo
671 2790 848 2846 etiam
897 2809 1075 2865 opum
1120 2792 1477 2866 petitorem?
1522 2793 1620 2867 qui
1660 2794 1900 2868 quidem

153 2880 405 2940 Achillis
455 2886 618 2959 quasi
676 2886 919 2942 rivalem
977 2906 1095 2943 non
1153 2908 1272 2945 uno
1332 2889 1462 2945 loco
1521 2890 1780 2964 proferre
1838 2909 1900 2947 se

152 2978 416 3036 videtur:
479 2980 672 3055 qualia
722 3001 877 3038 nono
928 2983 989 3038 in
1041 2982 1189 3040 libro
1243 2983 1539 3060 leguntur,
1586 2992 1900 3060 postquam

153 3072 378 3149 legatos
407 3075 507 3133 ille
538 3077 838 3134 dimiserat
857 3074 903 3134 i:

399 3182 593 3241 Ἀτρείδη
617 3183 806 3237 κύδιστε,
827 3185 933 3242 ἅναξ
953 3185 1132 3243 ἀνδρῶν,
1148 3185 1438 3245 Ἀγαμέμνων,

400 3254 456 3310 μὴ
478 3253 637 3312 ὄφελες
656 3255 895 3299 λίσσεσθαι
916 3254 1109 3312 ἀμύμονα
1130 3258 1355 3312 Πηλείωνα

401 3326 530 3383 μυρία
550 3327 665 3383 δῶρα
686 3325 841 3372 διδούς·
877 3329 901 3370 ὁ
923 3326 960 3370 δ’
982 3326 1151 3385 ἀγήνωρ
1173 3329 1269 3372 ἐστὶ
1291 3330 1359 3372 καὶ
1379 3329 1538 3375 ἄλλως·

403 3399 476 3440 νῦν
495 3395 547 3439 αὖ
570 3415 641 3452 μιν
659 3397 773 3440 πολὺ
792 3399 961 3453 μᾶλλον
981 3398 1260 3455 ἀγηνορίῃσιν
1281 3399 1441 3456 ἐνῆκας.

403 3467 501 3511 ἀλλ’
522 3471 614 3524 ἤτοι
635 3471 770 3512 κεῖνον
789 3470 866 3525 μὲν
887 3469 1083 3526 ἐάσομεν,
1105 3473 1134 3526 ἤ
1152 3488 1222 3514 κεν
1239 3469 1372 3526 ἴῃσιν,

406 3542 433 3594 ἤ
451 3557 496 3582 κε
516 3540 631 3595 μένῃ·
663 3543 761 3584 τότε
782 3541 817 3584 δ’
840 3541 940 3586 αὖτε
959 3541 1214 3600 μαχήσεται,
1237 3545 1399 3587 ὁππότε
1420 3545 1490 3589 κέν
1508 3564 1579 3602 μιν

406 3611 537 3667 θυμὸς
558 3611 617 3655 ἐνὶ
638 3611 878 3668 στήθεσσιν
898 3614 1053 3672 ἀνώγῃ,
1076 3615 1144 3658 καὶ
1165 3615 1261 3660 θεὸς
1281 3615 1407 3672 ὄρσῃ.

201 3748 203 3750 .
276 3716 294 3741 *1
328 3708 382 3752 11.
404 3725 476 3753 xv.
500 3725 600 3767 494.
956 3711 982 3742 ¹¹
1012 3712 1070 3757 vi.
1093 3712 1195 3770 526.
1556 3716 1570 3746 i
1597 3717 1656 3761 ix.
1680 3717 1780 3775 692.
