2320 4126
257 224 367 276 368
624 227 709 278 De
736 226 984 295 ioffaustis
1014 227 1423 296 Clytoem-nestrae
1449 227 1662 281 vocibus,
1786 249 1945 284 PRAEL.
1968 250 2060 284 xx.

260 373 565 443 Quorsum
604 373 724 442 illa,
757 375 1237 442 obsecro,·11<a1<‹1›v
1283 375 1618 455 προσπταίων
1667 378 1914 444 menti0,
1952 379 2063 436 nisi

259 474 400 549 quia
431 492 572 530 cum
605 472 811 530 dolore
842 482 905 530 et
937 473 1025 530 ira
1060 474 1340 530 meminit
1378 475 1638 550 superba
1672 474 1892 534 mulier
1922 477 2066 536 Cas-

260 572 488 629 sandrae
534 570 782 647 pellicis,
817 571 975 628 sicut
1005 579 1070 628 et
1100 580 1244 628 ante
1290 582 1570 630 mactatae
1599 573 1742 633 filiae
1773 575 2065 633 memine-

259 681 367 739 rat,
398 690 535 728 cum
571 670 820 738 diceret,
853 669 1177 747 aliquando
1223 679 1646 748 experrectum
1695 674 1766 731 iri
1803 671 1874 732 τὸ
1906 680 2065 743 πῆμα

256 774 365 828 τῶν
398 768 736 828 ὀλωλότωνὲ
805 768 1091 828 Graviter
1119 771 1408 848 utrinque
1440 781 1747 831 commota
1777 793 1968 844 menS‚
2001 776 2062 832 in

257 890 328 929 ea
357 869 712 947 prorumpit,
735 888 873 946 quae
898 869 1347 928 acerbissimam
1378 871 1858 950 indignationem
1885 873 2064 932 simul

257 977 321 1026 et
352 976 566 1048 tegant
598 976 662 1027 et
693 970 1039 1048 significent
1058 978 1114 1028 z:

620 1096 801 1138 τοιαῦτα
821 1092 900 1139 τᾶν
920 1095 1125 1154 γυναικὸς
1146 1094 1197 1151 ἐξ
1219 1094 1324 1152 ἐμοῦ
1346 1094 1511 1142 κλύοις.

253 1198 440 1268 Quasi
471 1198 652 1267 dicat,
688 1196 918 1255 Mulier
958 1199 1070 1255 sim
1118 1197 1277 1266 licet,
1309 1198 1372 1256 id
1404 1198 1564 1276 quod
1607 1219 1643 1257 a
1678 1200 1843 1257 vobis
1884 1200 2055 1277 igno-

254 1298 456 1355 miniae
487 1299 613 1356 fere
646 1297 780 1356 1000
811 1297 1086 1367 habetur,
1113 1317 1247 1356 eam
1281 1307 1487 1356 tamen
1519 1298 1721 1357 sciatis
1750 1298 1933 1357 velim
1965 1318 2065 1356 me

255 1418 402 1465 esse,
436 1417 568 1476 quae
599 1405 663 1457 et
694 1397 900 1456 violari
942 1418 1043 1456 me
1085 1398 1364 1466 sentiam,
1396 1406 1459 1456 et
1493 1397 1821 1457 violantem
1855 1397 2064 1457 ulcisci

256 1500 550 1556 noverim.

345 1596 655 1657 Nimirum
685 1598 1167 1677 Agamemnonis
1197 1618 1272 1657 ex
1308 1598 1496 1657 Iliaca
1527 1600 1779 1657 victoria
1809 1599 2066 1657 redeun-

255 1700 332 1757 tis
377 1699 481 1756 illo
520 1699 653 1757 1000
704 1719 797 1757 res
838 1706 1027 1768 erant,
1059 1708 1130 1756 ut
1173 1699 1506 1757 secundum
1541 1698 1706 1757 illam
1741 1719 1878 1775 quae
1917 1709 2064 1756 tunc

255 1799 547 1875 temporis
579 1799 826 1877 vigebat
857 1798 1234 1876 religionem,
1269 1799 1498 1857 nemini
1530 1819 1651 1857 non
1682 1800 1745 1856 in
1778 1806 2063 1876 promptu

255 1907 414 1956 esset
462 1899 537 1955 de
580 1917 653 1955 eo
699 1898 896 1956 tristia
942 1897 1236 1974 quaelibet
1283 1905 1468 1975 atque
1514 1899 1732 1957 acerba
1777 1898 2063 1957 divinare.

257 1997 641 2076 Sp‘arguntur
662 2018 784 2056 non
811 2017 1004 2075 pauca
1029 1998 1347 2074 ejusmodi,
1368 1999 1554 2056 etiam
1580 1997 1686 2055 illo
1712 1997 2063 2075 triumphali

255 2100 555 2168 carmine3
603 2098 701 2156 vel
734 2106 982 2175 propter
1017 2117 1230 2156 manus
1262 2098 1430 2157 caede
1463 2097 1682 2156 bellica
1711 2098 2065 2167 rubentesa3

621 2217 741 2275 μένει
764 2216 800 2262 δ’
823 2217 1011 2263 ἀκοῦσαι
1033 2217 1077 2262 τί
1096 2237 1172 2275 μοι
1192 2218 1379 2276 μερίμνα
1401 2216 1682 2277 νυκτηρεφές·

619 2297 707 2337 τῶν
726 2294 1011 2337 πολυκτόνων
1030 2293 1117 2351 γὰρ
1141 2292 1218 2336 οὐκ
1241 2291 1432 2337 ἄσκοποι
1455 2291 1627 2336 0⁶05·—

259 2398 354 2456 vel
401 2407 650 2475 propter
700 2396 1117 2455 Herodoteam
1164 2397 1331 2455 illam
1374 2396 1607 2464 νέμεσιν,
1654 2395 1951 2453 infensam
1994 2403 2064 2452 ut

257 2517 495 2575 semper
547 2505 611 2555 et
663 2496 991 2554 infaustam
1047 2495 1331 2572 primario
1377 2496 1595 2571 cuique
1641 2503 1705 2552 et
1751 2494 2063 2552 fortunato

259 2598 384 2654 viro
406 2594 463 2655 b:

623 2700 674 2744 τὸ
696 2697 733 2743 δ’
757 2699 1013 2757 ὑπερκόπως
1035 2696 1183 2742 κλύειν
1205 2696 1267 2750 εὖ,

621 2773 752 2833 βαρύ·
786 2774 1006 2827 βάλλεται
1026 2774 1113 2832 γὰρ
1136 2771 1298 2818 ὄσσοις

625 2849 784 2894 Διόθεν
807 2847 1027 2906 κέραυνος·

624 2924 755 2983 κρίνω
777 2923 814 2967 δ’
838 2922 1039 2982 ἄφθονον
1061 2921 1217 2977 ὄλβον.

211 3082 219 3090 .
261 3037 441 3106 Quod
490 3037 537 3094 si
569 3036 915 3113 Talthybi0‚
957 3035 1190 3093 homini
1236 3032 1543 3099 castrensi,
1590 3049 1658 3087 ac
1704 3037 1953 3096 temere,
1997 3037 2067 3085 ut

259 3135 346 3201 fit,
394 3133 687 3210 loquenti,
738 3152 895 3190 Gurae
949 3138 1096 3200 erat,
1146 3151 1224 3189 ne
1275 3127 1430 3187 κεδνὰ
1484 3135 1702 3185 κακοῖσι
1758 3123 2003 3202 σῡμμῖξῃ
2026 3133 2066 3194 ⁰,

261 3252 516 3291 uxorem
541 3231 933 3308 Imperatoris
959 3230 1215 3289 decebat
1247 3238 1560 3305 utcunque
1594 3247 1836 3305 parcere
1868 3225 2068 3284 verbis

262 3332 485 3390 sinistri
532 3331 797 3407 malique
840 3330 1076 3388 ominis.
1167 3327 1258 3386 At
1301 3347 1444 3385 vero
1477 3327 1965 3404 Clytaemnestra,
1997 3333 2066 3381 ut

262 3431 407 3499 dixi,
437 3431 630 3488 sciens
661 3431 1045 3506 prudensque
1075 3430 1295 3486 iterum
1331 3428 1675 3503 iterumque
1700 3444 1773 3482 ea
1802 3423 2065 3500 profert,

262 3530 540 3606 superbia
588 3530 847 3605 quadam
903 3547 1028 3597 sua,
1077 3538 1368 3603 tanquam
1417 3540 1537 3582 una
1585 3525 1663 3581 sit
1720 3523 2066 3589 Parcarum,

323 3703 342 3725 z
366 3696 521 3752 Ayam.
546 3710 649 3754 339.
807 3703 830 3725 a
851 3695 966 3738 Ibid.
990 3709 1095 3749 445.
1250 3693 1273 3723 b
1303 3692 1418 3736 Ibid.
1443 3705 1547 3749 453.
1704 3697 1725 3719 ⁰
1758 3688 1874 3732 Ibid.
1899 3686 2002 3744 631.
