2320 4126
321 216 434 279 294
459 216 691 287 Quonam
706 224 927 288 tempore
941 217 1208 288 scripserit
1215 216 1495 287 AEsehylus
1511 216 1806 289 &maiam
1825 234 2124 275 PRAEL.XV1.1.

807 360 844 404 ὦ
865 362 1029 418 μητρὸς
1051 360 1154 418 ἐμῆς
1172 360 1331 415 σέβας,
1353 360 1387 405 ὦ
1407 360 1582 406 πάντων

807 431 935 491 αἵθηρ
958 435 1102 479 κοινὸν
1122 434 1240 493 φάος
1260 434 1493 486 εἷλίσσων,

808 506 971 564 ἐσορᾶς
989 506 1050 565 μ’,
1073 508 1131 554 ὡς
1151 507 1297 551 ἔκδικα
1317 509 1497 567 πάσχω.

324 632 546 715 Neque
577 633 839 693 multum
873 632 1071 691 aliena
1102 640 1194 691 est
1223 636 1334 691 τῶν
1365 631 1695 714 Χοηφορῶν
1725 633 2010 703 clausula,

803 769 882 811 ποῖ
903 766 1012 823 δῆτα
1033 769 1193 824 κρανεῖ,
1214 769 1293 811 ποῖ
1312 765 1548 824 καταλήξει

801 839 1139 898 μετακοιμισθὲν
1158 839 1286 898 μένος
1306 839 1413 888 ἄτας
1424 859 1438 894 3

315 955 440 1015 Sed
471 957 635 1015 enim
667 959 901 1016 diversa-
946 957 1126 1035 paulo
1168 977 1203 1015 a
1243 959 1474 1016 caeteris
1506 959 1747 1018 videtur
1791 977 1922 1018 esse
1964 960 2120 1019 ratio

315 1053 687 1125 Promethei,
733 1055 1230 1134 AgamemnoniS,
1280 1056 1814 1134 Choephorarum:
1868 1065 1940 1115 ut
1987 1078 2120 1135 quae

314 1154 571 1232 singulae
616 1155 906 1232 tripartiti
953 1157 1240 1214 dramatis
1286 1156 1407 1214 sint
1451 1163 1669 1233 parteS,
1716 1177 1837 1215 non
1881 1158 2120 1236 integra

312 1273 574 1331 quaeque
617 1255 952 1333 Tragoedia.
1066 1255 1269 1325 Quare
1323 1265 1800 1315 consentaneum
1852 1264 1998 1326 erat,
2046 1264 2117 1315 ut

314 1372 523 1412 earum
554 1374 931 1432 unaquaeque
963 1362 1266 1432 spectaret
1296 1357 1371 1414 ad
1403 1355 1659 1414 ulterius
1689 1355 1937 1433 aliquid.
1994 1355 2118 1416 Sed

313 1452 389 1510 de
440 1454 729 1512 Thebana
773 1455 1078 1532 tragoedia
1121 1454 1272 1511 nihil
1312 1474 1552 1531 prorsus
1589 1455 1713 1513 tale
1756 1456 2116 1532 accepimus.

312 1552 533 1622 Quare,
565 1560 637 1611 ut
668 1553 965 1622 dicebam,
998 1555 1283 1631 suspicari
1315 1554 1459 1612 licet
1496 1553 1829 1613 clausulam
1871 1555 2000 1631 ejus
2038 1554 2116 1612 ad

309 1651 624 1728 exemplar
683 1651 1000 1729 Sophoclis
1060 1651 1281 1730 effingi.
1378 1652 1674 1711 Tacemus
1733 1660 1940 1711 autem
1999 1652 2115 1711 hoc

307 1756 601 1827 tempore,
633 1752 830 1828 siquid
875 1750 1163 1829 gravioris
1208 1757 1272 1808 et
1318 1752 1629 1810 sanctioris
1671 1751 1963 1810 doctrinae
2004 1771 2116 1829 pu-

306 1850 525 1907 tandus
574 1856 667 1907 est
713 1856 880 1907 vates
921 1849 1254 1907 insinuasse
1290 1868 1398 1926 per
1439 1850 1736 1926 ejusmodi
1779 1849 2112 1918 οἰκονομίαν.

308 1946 530 2006 Manet
571 1948 772 2026 igitur,
804 1948 959 2005 hanc
996 1967 1238 2025 quoque
1275 1949 1542 2008 fabulam
1581 1949 1948 2007 documento
1985 1949 2112 2007 fore

305 2047 709 2124 simplicitatis
741 2046 1092 2124 AEschyleae.

392 2145 555 2215 Quid
616 2165 758 2204 vero
820 2144 1180 2204 dulcissimae
1232 2146 1355 2204 illae
1413 2144 1718 2209 Ἰκετιδέςῖῑ
1785 2164 1927 2203 nam
1979 2144 2110 2205 istis

301 2245 650 2323 proximum
692 2265 728 2303 a
779 2244 1080 2302 Thebanis
1127 2244 1404 2302 tribuunt
1442 2244 1679 2314 locum;
1741 2246 2108 2322 conjectura,

303 2352 374 2402 ut
433 2345 583 2402 mihi
635 2344 882 2420 quidem
933 2344 1191 2411 videtur,
1245 2342 1541 2420 probabili
1593 2362 1663 2401 ac
1716 2363 1903 2421 prope
1949 2363 2106 2404 vera.

303 2444 437 2502 Etsi
509 2430 681 2503 enim*
737 2443 909 2513 nihil,
970 2443 1132 2520 quod
1193 2444 1394 2512 sciam,
1459 2444 1534 2501 de
1595 2462 1667 2501 ea
1724 2461 1788 2501 re
1849 2444 2108 2504 doceant

301 2551 579 2602 veterum
642 2543 1193 2602 Grammaticorum
1261 2541 1417 2611 libri,
1477 2560 1599 2600 non
1658 2542 1830 2600 deest
1898 2550 2105 2602 tamen

300 2644 463 2700 unde
509 2643 692 2701 ducat
745 2642 960 2719 aliquis
1012 2648 1461 2720 argumentum.
1556 2640 1751 2700 Modo
1803 2648 2104 2714 teneatur,

298 2742 655 2820 AEschylum
700 2749 996 2811 nostrum,
1041 2742 1197 2799 sicut
1243 2749 1306 2799 et
1350 2742 1727 2818 posterioreS,
1770 2743 2103 2818 praesertim

299 2840 563 2911 Atticos,
609 2840 932 2918 aliquando
983 2842 1059 2898 ad
1113 2858 1247 2898 eam
1296 2840 1750 2918 rempublicam,
1803 2860 1942 2918 quae
1993 2860 2103 2901 suo

297 2947 573 3018 tempore
621 2948 766 3009 erat,
817 2941 878 2998 in
939 2940 1268 2998 condendis
1328 2941 1693 3000 carminibus
1750 2940 2100 3018 respexisse.

298 3039 555 3098 Constat
598 3060 776 3117 porro
821 3060 898 3097 ex
939 3040 1068 3115 ipso
1110 3038 1382 3099 Ἰκετιδῶν
1413 3048 1642 3109 tenore,
1676 3041 1825 3098 duas
1864 3040 2102 3117 potissi-

295 3157 466 3196 mum
518 3145 814 3198 terrarum
863 3139 1139 3216 regiones
1187 3139 1503 3198 scribentis
1554 3141 1756 3198 animo
1809 3157 1940 3197 esse
1991 3139 2099 3196 ob-

295 3246 598 3308 versatas3
671 3238 814 3295 hinc
872 3237 1226 3314 AEgyptum,
1290 3237 1458 3295 illinc
1515 3235 1829 3315 Argolidis
1902 3235 2095 3294 littus.

296 3336 553 3395 Constat
628 3356 884 3414 quoque,
946 3337 1190 3393 vivente
1263 3336 1599 3394 etiamnum
1665 3334 1973 3413 AEschyIO,
2032 3335 2096 3392 in

296 3436 538 3494 easdem
578 3436 711 3495 illas
748 3437 1022 3515 regiones
1053 3455 1193 3493 cum
1225 3436 1390 3493 omni
1427 3455 1571 3493 cura
1609 3441 1672 3492 et
1713 3433 2095 3492 solicitudine

293 3554 649 3593 conversum
694 3535 1015 3612 aliquando
1063 3535 1244 3593 fuisse
1289 3533 1582 3611 populum
1625 3531 2090 3590 Atheniensem.

292 3634 737 3695 Praecesserunt
775 3636 902 3711 ejus
933 3642 1192 3693 mortem
1225 3641 1484 3711 quatuor
1514 3633 1687 3692 annis
1711 3631 2090 3712 AEgyptiacae
