2320 4126
144 288 301 321 namt,
328 286 420 321 xn.
461 267 754 320 Monstrum
782 265 1167 336 Phaeaoes‚,quae
1190 265 1257 316 sit
1282 264 1517 335 opificem
1542 264 1742 318 indoles.
1786 266 1890 322 193

139 418 623 477 circumferantur
678 416 850 483 oculi,
909 422 1119 491 praesto
1178 415 1291 471 erit
1348 414 1583 470 urbanae
1635 414 1771 470 vitae
1822 421 1884 471 et

138 531 315 589 opum
359 513 742 589 ingenuarum
787 510 1123 585 exemplam
1166 528 1282 585 qua
1325 526 1401 566 ex
1445 516 1610 584 parte
1654 508 1881 566 scilicet

139 607 416 665 credibile
459 614 549 665 est
594 607 859 664 Homero
902 606 1226 663 innotuisse
1272 604 1603 662 istiusmodi
1649 603 1883 660 vivendi

139 711 421 761 tenorem.
527 702 662 760 Hoc
701 704 824 780 agit
867 702 1079 759 nobilis
1122 700 1223 758 ille
1261 700 1481 766 hortm,
1518 700 1638 757 suis
1680 697 1886 755 limiti-

139 799 249 856 bus
277 799 586 857 artificiose
616 800 763 856 adeo
802 805 1032 865 sectus;
1077 815 1264 872 eaque
1306 802 1546 853 ornatus
1586 794 1883 852 cultorum

138 913 292 962 cura,
323 914 451 969 quae
494 894 658 951 nullo
701 913 961 970 unquam
1006 901 1274 968 tempore
1311 910 1621 968 pomorum
1667 891 1881 948 seriem

139 990 388 1047 deficere
434 991 602 1048 sinat.
690 991 825 1059 Quo
865 992 925 1047 in
973 990 1103 1046 loco
1150 988 1298 1045 illud
1348 988 1670 1064 praesertim
1723 987 1885 1044 locu-

136 1083 324 1160 pletes
381 1085 646 1143 homines
717 1086 912 1162 prodit
975 1092 1036 1142 et
1092 1085 1325 1150 otiosos,
1383 1083 1539 1158 quod
1597 1100 1881 1157 aquarum

137 1198 369 1255 quoque
397 1201 503 1257 per
530 1182 736 1240 urbem
767 1183 979 1239 ductus
1009 1186 1428 1245 memorantur,
1460 1178 1732 1254 hortique
1762 1196 1882 1234 non

137 1276 260 1333 sine
306 1278 553 1336 artificio
611 1279 882 1354 quodam,
934 1277 1023 1334 uti
1075 1277 1325 1344 videtur,
1383 1275 1627 1351 irrigati.
1733 1274 1880 1343 Quae

136 1373 332 1430 omnia
377 1375 598 1451 optime
648 1393 724 1432 ex
769 1374 957 1433 altera
1004 1383 1171 1449 parte
1228 1372 1585 1448 respondent
1641 1371 1880 1429 incultae

135 1466 221 1525 illi
264 1467 543 1546 Ortygiae,
593 1470 854 1545 aviisque
899 1468 1061 1537 locis,
1110 1467 1274 1526 nulla
1329 1484 1590 1542 unquam
1648 1465 1881 1523 violatis

134 1570 278 1622 arte.

219 1659 511 1718 Praeterea
549 1680 739 1719 mores
782 1669 1052 1736 artesque
1098 1659 1415 1719 Phaeacum
1462 1659 1697 1735 sapiunt
1740 1676 1872 1715 cum

133 1757 334 1831 primis
364 1757 594 1815 divitias
625 1765 686 1815 et
726 1757 1072 1815 mollitiem:
1120 1777 1238 1814 non
1282 1757 1539 1816 multum
1579 1754 1876 1813 absimiles

133 1869 352 1921 eorum,
374 1854 473 1929 qui
498 1873 602 1911 suo
626 1855 878 1930 cuipiam
901 1854 1148 1912 artificio
1172 1862 1296 1912 tam
1325 1855 1589 1930 impense
1619 1872 1654 1909 a
1681 1852 1877 1927 pueris

133 1968 370 2025 operam
428 1950 713 2019 dederint,
764 1958 833 2008 ut
890 1951 1107 2008 inertes
1166 1958 1228 2008 et
1285 1950 1471 2027 inepti
1530 1950 1604 2007 ad
1664 1956 1876 2006 caetera

133 2048 329 2103 omnia
350 2050 666 2116 accedant3
695 2065 844 2106 neve
868 2047 1053 2106 latum
1078 2048 1316 2124 quidem
1339 2065 1600 2124 unguem
1630 2065 1665 2104 a
1693 2064 1876 2122 penso

133 2142 340 2200 diurno
384 2145 682 2203 discedere
724 2145 960 2204 valeant
1004 2144 1098 2203 vel
1140 2163 1349 2203 manus
1392 2163 1597 2202 eorum
1641 2143 1735 2201 vel
1787 2144 1875 2199 in-

129 2240 318 2315 genia.
377 2239 472 2299 Ac
502 2243 697 2300 nescio
725 2262 801 2313 au
830 2243 890 2299 id
921 2241 1186 2300 Homero
1216 2242 1278 2298 in
1317 2248 1579 2299 mentem
1610 2241 1875 2308 venerit3

130 2345 289 2396 certe
332 2340 486 2417 apud
531 2340 699 2397 illum
744 2338 1012 2409 Phaeacia
1051 2340 1195 2396 duas
1229 2346 1384 2396 artes
1413 2338 1577 2414 quasi
1611 2337 1871 2414 proprias

130 2433 238 2492 sibi
271 2436 542 2504 vindicat,
573 2435 885 2513 navigandi
915 2434 1139 2493 scilicet
1167 2454 1240 2493 ac
1267 2433 1540 2492 lanificii⁶
1564 2453 1577 2491 ε

361 2565 502 2613 ὅσσον
528 2568 704 2625 Φαίηκες
723 2569 822 2627 περὶ
842 2568 1011 2616 πάντων
1030 2566 1164 2625 ἴδριες
1182 2567 1350 2625 ἀνδρῶν

360 2641 438 2696 νῆα
457 2638 561 2696 θοὴν
581 2639 642 2684 ἐνὶ
662 2641 803 2699 πόντῳ
826 2638 1071 2696 ἐλαυνέμεν,
1093 2641 1149 2685 ὣς
1170 2639 1216 2683 δὲ
1236 2641 1431 2697 γυναῖκες

359 2712 483 2755 ἱστὸν
503 2713 722 2769 τεχνῆσαι·
753 2712 853 2770 περὶ
873 2712 956 2774 γάρ
978 2713 1115 2769 σφισι
1138 2711 1270 2755 δῶκεν
1288 2708 1444 2765 Ἀθήνη

359 2783 466 2842 ἔργα
485 2782 521 2827 τ’
543 2776 1090 2840 ἐπίστασθαι’περικαλλέα
1110 2782 1179 2826 καὶ
1200 2781 1363 2840 φρένας
1384 2779 1560 2826 ἐσθλάς.

128 2904 198 2961 In
264 2905 503 2972 caeteris,
562 2923 695 2980 quae
760 2904 834 2961 ad
893 2903 1085 2963 virum
1154 2908 1216 2959 et
1288 2901 1363 2959 ad
1429 2900 1611 2959 heroa
1680 2902 1868 2977 magis

123 3002 418 3077 pertinere
463 3000 788 3068 videantur,
839 2998 1015 3057 facile
1061 3017 1124 3056 se
1174 2998 1434 3074 superari
1484 2998 1709 3074 patitur
1759 2997 1868 3054 Al-

124 3093 357 3155 cinousf
371 3116 384 3155 z

355 3211 406 3255 οὗ
424 3210 507 3269 ’γὰρ
527 3211 747 3269 πυγμάχοι
768 3210 883 3268 εἰμὲν
903 3209 1126 3268 ἀμύμονες,
1148 3208 1247 3253 οὐδὲ
1267 3209 1522 3260 παλαισταὶ,

355 3282 471 3326 ἀλλὰ
488 3283 597 3329 ποσὶ
618 3287 828 3341 κραιπνῶς
848 3281 1015 3339 θέομεν,
1037 3281 1105 3325 καὶ
1127 3280 1279 3336 νηυσὶν
1300 3279 1490 3337 ἄριστοι·

355 3354 438 3397 αἰεὶ
457 3353 492 3398 δ’
515 3353 616 3411 ἡμῖν
634 3353 727 3400 δαίς
746 3372 792 3397 τε
812 3353 943 3412 φίλη,
967 3352 1132 3410 κίθαρίς
1151 3370 1198 3396 τε
1218 3351 1348 3409 χοροί
1366 3370 1429 3403 τε,

355 3423 505 3481 εἵματα
523 3424 559 3468 τ’
582 3424 806 3482 ἐξημοιβὰ,
827 3423 986 3482 λοετρά
1006 3442 1052 3469 τε
1073 3422 1209 3481 θερμὰ
1230 3423 1298 3467 καὶ
1319 3423 1450 3467 εὐναί.

414 3586 431 3605 ·
463 3580 551 3624 Od.
574 3581 646 3625 vii.
674 3581 772 3625 108.
1304 3579 1321 3611 f
1349 3580 1438 3626 viii.
1463 3579 1565 3635 246.
