2320 4126
254 223 365 277 366
782 226 864 278 De
890 226 1100 278 malitia
1132 226 1546 302 Olytaemnestrae‚
1775 239 1940 279 PRAEL.
1966 246 2057 280 xx.

256 368 371 427 lius
418 371 714 447 expressit
759 371 1055 447 pietatem
1102 390 1242 428 cum
1292 372 1609 446 majestate
1656 371 2058 447 conjunctam,

257 488 438 545 quam
472 490 667 528 sermo
702 470 804 527 ille
825 470 1321 547 AgamemnoniS,
1342 489 1586 533 scenam
1610 471 2055 547 ingredientisr:

619 608 795 661 πρῶτον
816 603 895 660 μὲν
906 600 1078 661 Ἀργος
1100 603 1170 646 καὶ
1193 603 1318 649 θεοὺς
1340 603 1582 662 ἐγχωρίους

622 678 718 734 δίκη
741 679 1017 735 προσειπεῖν,
1041 677 1141 723 τοὺς
1163 675 1258 733 ἐμοὶ
1280 677 1526 735 μεταιτίους

619 753 796 804 νόστου,
819 750 996 796 δικαίων
1018 749 1058 795 θ’
1082 750 1141 795 ὧν
1164 750 1412 809 ἐπράξαμεν
1433 753 1565 796 πόλιν

620 826 838 884 Πριάμου.
883 825 1004 872 δίκας
1024 826 1110 884 γὰρ
1134 826 1211 869 οὐκ
1232 825 1319 870 ἀπὸ
1341 827 1560 884 γλώσσης
1583 827 1673 871 θεοὶ

621 899 842 952 κλύοντες,
863 899 1164 959 ἀνδροκμῆτας
1183 899 1320 945 Ἰλίου
1342 900 1517 959 φθορὰς

623 974 684 1020 εἷς
705 975 947 1031 αἱματηρὸν
967 977 1126 1033 τεῦχος
1146 975 1198 1018 οὐ
1220 974 1497 1034 διχορρόπως

619 1047 808 1107 ψήφους
829 1048 992 1093 ἔθεντο·
1027 1051 1088 1110 τῷ
1113 1048 1149 1093 δ’
1174 1049 1353 1108 ἐναντίῳ
1377 1048 1493 1094 κύτει

624 1123 752 1170 ἐλπὶς
771 1122 962 1181 προσῄει
983 1125 1134 1182 χειρὸς
1155 1124 1206 1167 οὐ
1227 1123 1531 1185 πληρουμένῳ.

257 1244 354 1302 En
390 1243 708 1302 consilium
741 1244 1160 1322 dignissimum
1194 1251 1333 1302 vate
1372 1244 1563 1303 sacro!
1610 1244 1708 1302 vel
1749 1245 1892 1321 ipsa,
1926 1264 2062 1322 quae

249 1345 492 1413 dicitur,
548 1343 891 1425 ἀλληγορία,
940 1344 1312 1422 gravissimae
1367 1345 1680 1421 cujusdam
1734 1344 2062 1403 historiolae

258 1445 382 1501 vim
413 1444 617 1502 habet.
711 1443 1003 1521 Sequitur
1032 1451 1170 1521 post
1201 1443 1406 1521 paullo
1429 1453 1482 1501 s:

617 1582 784 1630 τούτων
805 1584 951 1629 θεοῖσι
971 1584 1059 1643 χρὴ
1080 1583 1395 1642 πολύμνηστον
1416 1585 1547 1643 χάριν

621 1658 767 1704 τίνειν·
803 1658 983 1718 ἐπείπερ
1005 1658 1207 1719 ἁρπαγὰς
1226 1659 1500 1718 ὑπερκόπους

622 1733 954 1793 ἐπραξάμεσθα,
978 1734 1048 1778 καὶ
1068 1734 1275 1793 γυναικὸς
1296 1732 1450 1779 οὕνεκα

618 1810 752 1854 πόλιν
773 1808 1033 1867 διημάθυνεν
1052 1807 1267 1868 Ἀργείων
1288 1808 1432 1856 δάκος.

260 1934 491 1993 Nonne
537 1935 599 1992 in
642 1954 714 1993 eo
757 1941 925 1993 totus
956 1942 1248 2004 versatur,
1281 1941 1351 1992 ut
1382 1933 1605 1992 Jovem
1643 1933 1840 1993 solum
1874 1933 2065 1994 Deos-

258 2054 378 2111 que
409 2036 719 2112 praedicet,
753 2035 830 2093 de
861 2053 925 2093 se
957 2035 1200 2112 suisque
1231 2053 1473 2111 prorsus
1504 2034 1770 2093 taceat‘?

619 2168 696 2210 νῦν
717 2164 755 2209 δ’
778 2165 840 2212 εἷς
859 2165 1068 2225 μέλαθρα
1090 2165 1161 2210 καὶ
1183 2165 1344 2223 δόμους
1366 2165 1605 2224 ἐφεστίους

619 2239 781 2293 ἕλθων,
801 2239 946 2285 θεοῖσι
966 2244 1121 2297 πρῶτα
1142 2239 1426 2298 δεξιώσομαι,

620 2312 665 2358 οἵ
682 2333 767 2373 περ
788 2315 949 2373 πρόσω
970 2313 1245 2373 πέμψαντες,
1269 2315 1437 2372 ἤγαγον
1456 2314 1608 2358 πάλιν.

341 2434 587 2502 Contra,
618 2433 724 2492 ubi
760 2434 1079 2512 gloriosius
1110 2434 1337 2511 aliquid
1369 2434 1816 2492 enunciandum
1847 2434 1961 2491 erit
1986 2435 2062 2493 de

253 2535 439 2613 gestis
460 2532 857 2602 Achivorum,
883 2534 1112 2593 nemini
1143 2540 1550 2612 praeterquam
1575 2533 2062 2612 Clytaemnestrae

254 2635 609 2693 tribuuntur
638 2635 867 2693 insanae
899 2654 970 2692 ac
1001 2633 1273 2712 superbae
1305 2652 1482 2692 voces
1502 2642 1547 2690 ¹¹.

621 2773 782 2825 ἔκβαιν’
806 2772 971 2832 ἀπήνης
992 2775 1146 2832 τῆσδε,
1168 2774 1226 2832 μὴ
1248 2775 1387 2833 χαμαὶ
1408 2773 1543 2821 τιθεὶς

620 2849 698 2893 τὸν
719 2848 804 2894 σὸν
824 2847 940 2902 πόδ’,
959 2848 993 2893 ὦ
1014 2847 1123 2907 wag,
1146 2848 1284 2893 Ἰλίου
1305 2848 1641 2907 πορθητόρα·-

620 2922 776 2981 δμωαὶ,
799 2923 844 2968 τί
863 2923 1063 2982 μελλεθ,
1085 2921 1154 2971 αἷς
1174 2923 1445 2970 ἐπέσταλται
1467 2922 1599 2969 τέλος

618 2997 755 3043 πέδον
777 2997 988 3043 κελεύθου
1011 2996 1282 3056 στρωννύναι
1302 2997 1614 3055 πετάσμασιν;

256 3115 567 3174 Malitiam
598 3117 873 3194 profecto
904 3117 1158 3175 minime
1183 3117 1496 3196 vulgarem
1527 3116 1789 3175 cernitis.
1855 3113 2060 3173 Etiam

253 3216 370 3275 hoc
399 3223 573 3294 parat
604 3217 862 3275 exitium
892 3218 1116 3295 conjux
1148 3217 1408 3295 conjugi,
1434 3216 1597 3292 quod
1627 3216 1899 3273 animum
1929 3220 2063 3271 ten-

254 3324 363 3386 tat,
396 3317 445 3374 si
477 3336 597 3393 qua
627 3318 816 3394 possit
847 3318 923 3376 ad
959 3317 1273 3385 Nemesin,
1303 3336 1484 3394 quam
1516 3322 1754 3383 vocant,
1786 3315 2059 3372 Deorum

253 3415 691 3474 immortalium
723 3418 1168 3494 provocandam
1200 3416 1458 3475 allicere.
1543 3414 1733 3472 Plane
1763 3413 1920 3472 sicut
1949 3414 2062 3471 im-

254 3515 388 3591 pius
432 3513 536 3571 ille
568 3521 754 3583 vateS‚
788 3516 890 3591 qui
937 3514 1292 3592 perhibetur
1336 3513 1399 3570 in
1444 3511 1836 3570 sacrosanctis
1871 3510 2060 3568 literis

335 3702 349 3719 ¹
369 3695 526 3752 Ayam.
553 3696 656 3754 783.
814 3704 831 3726 s
854 3696 967 3740 Ibid.
996 3707 1097 3755 794.
1255 3698 1266 3719 ²
1289 3694 1402 3738 Ibid.
1428 3695 1530 3748 824.
1690 3700 1715 3722 ¹¹
1737 3691 1851 3735 Ibid.
1876 3691 1980 3749 879.
