2320 4126
233 279 391 312 PRAEL.
415 279 524 313 xvl.
625 261 842 313 Tradita
870 261 929 313 de
954 279 1004 313 eo
1029 262 1288 313 convenire
1313 278 1425 311 cum
1450 260 1777 313 carminibm.
1881 262 1988 318 269

233 405 400 460 nobis
457 404 516 458 in
583 404 695 460 hoc
755 411 1104 480 argumento
1163 402 1521 484 magnopere
1579 402 1986 460 laborandum.

235 499 438 556 Fuerit
495 501 808 567 HomerUS,
842 501 1021 574 juxta
1067 499 1464 566 Herodotum,
1513 519 1631 555 uno
1679 498 1988 574 alteroque

233 597 441 653 saeculo
500 598 788 672 posterior
844 597 1099 664 Troicis3
1166 597 1438 662 fueritne,
1499 596 1650 652 sicut
1711 596 1987 670 conjiciat

230 693 438 767 aliquis
496 713 569 750 ex
630 694 811 769 ipsius
870 694 1194 750 carminum
1255 700 1478 757 tenore,
1533 691 1986 748 Heraclidarum

232 789 486 863 aequalis,
540 790 633 846 vel
681 791 861 847 etiam
914 790 984 847 iis
1036 790 1326 846 anterior:
1395 789 1609 845 vixisse
1657 807 1794 845 eum
1847 790 1988 845 satis

230 894 459 942 constat
490 886 645 943 inter
673 888 825 961 ipsas
848 888 961 943 aevi
984 887 1215 961 Trojani
1250 887 1540 961 reliquiaS,
1569 906 1685 961 quo
1718 893 1987 962 tempore

229 982 415 1038 forma
451 1002 517 1038 ac
549 983 698 1039 facie
737 983 1057 1040 manebant
1091 984 1229 1058 jura
1267 1003 1334 1039 ac
1374 982 1688 1058 religiones
1718 982 1986 1051 heroum,

231 1086 459 1134 tantum
498 1098 612 1134 non
663 1087 982 1136 evanuerat
1026 1080 1212 1136 virtus
1256 1079 1514 1154 ipsorum
1555 1086 1734 1153 atque
1770 1081 1984 1137 anima.

232 1173 386 1229 Fieri
434 1175 634 1248 itaque
687 1176 900 1250 potuit,
953 1181 1022 1230 ut
1073 1176 1178 1231 aevi
1232 1175 1401 1230 istius
1458 1193 1676 1250 magno
1729 1176 1986 1249 quodam

230 1270 516 1326 desiderio
539 1272 814 1345 percitUS,
847 1271 1106 1327 carmine
1126 1271 1337 1327 saltem
1369 1270 1573 1326 laudes
1597 1271 1738 1344 eju&
1764 1290 1986 1345 suaque

229 1367 424 1423 studia
481 1367 541 1422 in
601 1367 841 1442 longum
903 1374 1272 1443 propagaret.
1383 1366 1475 1422 En
1526 1367 1690 1424 vobis
1748 1369 1985 1424 initium

229 1470 407 1537 atque
452 1463 699 1541 ἀφορμὴ,
746 1462 839 1529 (ut
883 1464 967 1519 ita
1012 1463 1228 1537 dicam)
1268 1462 1451 1518 divini
1491 1463 1798 1537 utriusque
1839 1463 1987 1520 Poe-

229 1558 421 1613 matis.

315 1652 624 1709 Hactenus
665 1654 738 1709 de
786 1652 1034 1710 Homeri
1072 1661 1358 1730 tempore.
1447 1653 1798 1729 Pauperiem
1841 1657 1984 1731 eJUS‚

229 1750 579 1815 caecitatem,
628 1769 866 1816 erroreS,
918 1751 1179 1806 maxime
1230 1751 1452 1807 circum
1504 1770 1632 1807 oras
1681 1751 1866 1828 AEgaei
1924 1760 1986 1809 et

230 1846 413 1901 Ionici
459 1846 650 1912 mariS,
698 1853 994 1902 testantur
1042 1865 1175 1919 quae
1227 1865 1416 1920 pauca
1459 1846 1643 1902 veluti
1697 1848 1987 1924 fragmina

229 1941 598 2016 popularium
636 1942 708 1998 de
741 1962 810 1998 eo
852 1961 1155 1998 rumorum
1193 1944 1447 1999 servavit
1494 1944 1664 1999 nobis
1701 1944 1795 1999 vel
1833 1944 1987 2000 Pau-

229 2039 416 2094 sanias
455 2039 545 2094 vel
590 2046 797 2095 auctor
837 2039 1018 2113 ipsius
1059 2040 1194 2095 vitae
1239 2040 1347 2095 sub
1388 2039 1682 2096 Herodoti
1727 2041 1983 2096 nomine.

230 2132 483 2209 Insignis
502 2142 591 2191 est
611 2135 736 2209 ejus
760 2135 914 2210 apud
937 2134 1290 2192 Pausaniam
1311 2135 1453 2202 laus
1479 2144 1790 2211 propterea
1809 2139 1982 2211 quod,

227 2229 550 2286 multorum
611 2231 926 2297 dissimilis,
985 2231 1242 2288 noluerit
1309 2232 1489 2308 regali
1559 2240 1808 2307 patrono
1873 2234 1982 2289 uti.

232 2325 552 2400 Postquam
585 2329 741 2383 enim
772 2328 924 2383 bene
955 2328 1176 2384 multos
1200 2329 1624 2395 nominaverat,
1646 2329 1745 2402 qui
1769 2328 1982 2404 singuli

229 2441 363 2478 cum
405 2424 765 2499 principibus
795 2424 931 2481 viris
963 2425 1255 2491 vixerunt,
1290 2423 1579 2492 Ἡσίοδος,
1612 2422 1857 2499 inquitk,
1896 2426 1981 2481 καὶ

217 2516 514 2595 “Ομηροςῖ’7
546 2520 910 2594 συγγενέσθαι
937 2521 1262 2590 βασιλεῦσιν
1293 2521 1572 2597 ἠτύχησαν
1603 2519 1741 2586 ’ἢκ-αἳ
1773 2522 1984 2582 ἕκοντες

226 2614 604 2691 ὠλιγώρησαν·
650 2615 680 2669 ὁ
728 2613 824 2678 μὲν
870 2615 1125 2692 ἆγροίκιᾳ
1164 2614 1249 2670 καὶ
1299 2615 1429 2687 ὄκνῳ
1470 2615 1696 2682 πλάνης·
1732 2614 1983 2694 ‘'Ost-’79⁰5'

230 2707 284 2764 δὲ
331 2708 687 2775 ἀποδημήσας
737 2708 825 2765 ἐπὶ
869 2710 1244 2787 μακρότατον,
1289 2711 1374 2766 καὶ
1419 2712 1516 2778 τὴν
1559 2712 1832 2790 ω’φελεῖαν
1875 2717 1982 2769 τῶν

229 2799 525 2880 χρημάτων
565 2801 718 2880 παρὰ
758 2807 864 2860 τῶν
903 2802 1152 2872 δυνατῶν,
1188 2805 1425 2883 ὑστέραν
1458 2805 1672 2872 Θέμενος·
1702 2813 1798 2872 τῆς
1827 2805 1980 2886 παρὰ

227 2906 344 2959 τοῖς
382 2905 618 2960 πολλοῖς
658 2896 829 2974 δόξης·
882 2900 994 2955 ἕπει
1041 2901 1126 2956 καὶ
1169 2900 1400 2978 Ὀμηρῷ
1435 2902 1770 2969 πεποιημένα
1813 2903 1980 2968 ἐστιν,

226 2991 498 3065 Ἀλκινόῳ
528 3002 772 3072 παρεῖναι
807 2993 1144 3063 Δημοδόκον,
1175 2996 1260 3051 καὶ
1300 2997 1364 3057 ὡς
1395 2995 1763 3071 Ἀγαμέμνων
1802 3022 1982 3073 παρα-

228 3088 410 3144 λείποι
435 3114 557 3144 τινα
580 3088 732 3166 παρὰ
755 3095 825 3165 τῇ
849 3091 1052 3164 γυναικὶ
1079 3094 1328 3158 ποιήτην.
1378 3092 1633 3149 Habetis
1657 3094 1979 3168 egregium,

230 3185 288 3239 ni
332 3184 516 3251 fallor,
552 3186 993 3255 documentum,
1032 3207 1149 3243 non
1193 3188 1324 3243 dico
1366 3186 1705 3244 Homericae
1750 3187 1978 3253 indolis,

231 3281 331 3336 sed
385 3280 510 3353 ejus
561 3287 721 3336 certe
780 3282 1086 3355 opinionis,
1140 3301 1269 3356 quae
1314 3284 1387 3338 de
1433 3281 1683 3339 Homeri
1732 3284 1854 3340 vita
1910 3304 1978 3341 ac

228 3375 489 3430 moribus
548 3376 883 3449 percrebuit
939 3378 1094 3452 apud
1160 3377 1471 3452 populares
1540 3397 1693 3434 Suos.
1808 3380 1978 3437 Judi-

231 3479 366 3526 cent
419 3471 607 3544 periti,
661 3490 733 3526 an
790 3472 915 3536 ἦθος
968 3473 1398 3546 ejusdemmodi
1456 3474 1683 3547 sapiant
1736 3475 1775 3529 ii
1827 3495 1977 3549 prae-

669 3590 684 3614 ¹¹
717 3592 851 3634 Attio.
875 3607 912 3635 c.
934 3606 973 3635 2.
998 3608 1040 3649 p.
1061 3592 1102 3635 6.
1126 3592 1194 3635 ed.
1221 3592 1375 3635 Kuhn.
1405 3573 1530 3649 1695.
