2320 4126
214 243 373 279 PRAEL.
391 242 526 278 xvn.
615 225 837 293 mirifica
862 223 968 294 ejiae
991 223 1209 276 Fabulae
1231 224 1549 293 simplicitas.
1858 227 1965 282 295

212 370 424 439 turbae,
477 369 803 428 lacessente
855 368 1064 425 Persas
1116 364 1365 435 Inar0h3
1423 368 1637 442 quibus
1686 377 1961 445 prompte

210 466 595 523 intervenisse
639 464 1057 531 AthenienseS,
1109 465 1370 521 maximo
1427 470 1732 539 apparatU,
1783 485 1960 522 nemo

211 562 415 618 nescit.
503 562 715 636 Itaque
744 580 862 617 non
891 561 1016 616 fieri
1046 560 1259 635 potuit,
1291 560 1431 634 quin
1461 560 1523 616 in
1553 579 1652 617 ore
1692 562 1959 618 omnium

211 656 312 711 diu
376 663 531 713 esset
587 657 896 732 AEgyptuS,
961 656 1319 729 arrectisque
1388 655 1598 711 animis
1664 654 1833 731 plebs
1891 675 1963 713 ea

209 758 440 826 raperet
469 771 597 826 quae
626 753 699 808 ad
729 751 892 808 illam
922 753 1281 827 provinciam
1318 752 1699 827 pertinerent.
1787 752 1958 809 Idem

209 865 394 903 annus
452 849 673 923 primus
732 856 877 916 erat,
935 866 1012 904 ex
1070 867 1186 922 quo
1244 847 1513 905 simultas
1561 831 1663 905 illa
1719 855 1960 924 propter

210 942 486 1001 Ithomen
538 951 599 1000 et
649 944 979 1001 Messenios
1028 945 1439 1001 intercesserat
1483 944 1639 1001 inter
1683 942 1959 1002 Lacedae-

207 1058 444 1096 monem
469 1048 530 1097 et
553 1037 878 1098 Athenasiz
910 1041 1069 1098 unde
1099 1040 1304 1097 offensi
1334 1039 1737 1098 Athenienses
1766 1060 1957 1117 coepe-

206 1142 345 1190 runt
394 1134 552 1193 illico
602 1144 806 1212 petere
863 1136 1224 1213 Argivorum
1282 1137 1645 1193 societatem.
1733 1136 1957 1205 Quidni

207 1230 388 1306 igitur
426 1239 775 1301 statuamus,
816 1253 950 1290 cum
992 1235 1116 1290 viro
1159 1230 1394 1300 doctok‚
1426 1230 1781 1308 AEschylum
1824 1252 1958 1290 nos-

206 1333 382 1396 trum,
408 1349 541 1386 cum
573 1331 634 1386 in
665 1349 796 1387 eam
816 1330 1118 1387 incidisset
1148 1329 1426 1397 fabulam,
1458 1349 1587 1404 quae
1616 1348 1709 1385 res
1740 1331 1958 1404 partim

212 1425 581 1501 AEgyptiacas
601 1434 893 1503 tangeret,
916 1427 1133 1502 partim
1157 1424 1425 1502 Argivas,
1445 1426 1692 1482 minimo
1717 1426 1959 1502 negotio

204 1538 335 1576 eam
365 1523 838 1579 accommodasse
866 1523 940 1578 ad
970 1521 1413 1597 rempublicam,
1446 1540 1581 1596 quae
1611 1527 1757 1578 tunc
1788 1520 1957 1579 erat?

204 1623 271 1672 ut
302 1617 475 1674 simul
507 1618 772 1675 laudaret
813 1625 875 1675 et
915 1618 1255 1675 conciliaret
1295 1617 1567 1694 Argivos,
1609 1617 1785 1674 simul
1827 1636 1960 1674 suo-

202 1731 334 1769 rum
379 1715 603 1772 animos
648 1714 951 1781 deleniret,
995 1715 1042 1771 si
1073 1715 1173 1789 qui
1209 1721 1312 1771 aut
1351 1711 1688 1790 AEgyptum
1724 1713 1834 1789 ipsi
1870 1714 1960 1770 in-

203 1809 476 1879 viserant,
507 1818 611 1868 aut
640 1811 964 1868 militantes
992 1811 1075 1867 ibi
1106 1810 1519 1867 desiderabant
1548 1812 1788 1868 amicos,

286 1907 565 1965 Profecto
610 1929 745 1966 cum
791 1910 882 1966 his
925 1909 1164 1966 calculis
1214 1910 1548 1965 mirandum
1600 1910 1662 1964 in
1711 1909 1958 1965 modum

201 2022 522 2080 congruere
553 2006 802 2062 dixerim
832 2005 1011 2081 ipsius
1033 2006 1336 2062 Poematis
1366 2005 1648 2083 ἆφελείαν.
1710 2005 1958 2063 Parum-

203 2119 277 2156 ne
321 2102 674 2159 existimatis
718 2103 912 2159 valere
956 2103 1028 2158 ad
1076 2102 1344 2158 homines
1390 2101 1753 2170 mulcendos,
1799 2103 1958 2178 quod

202 2197 363 2254 nulla
392 2218 584 2273 neque
614 2200 901 2256 narrantis
931 2206 1074 2265 arte,
1106 2217 1299 2272 neque
1331 2197 1592 2254 violento
1630 2199 1956 2256 certamine

202 2312 270 2350 ac
320 2302 489 2352 motu
533 2297 883 2363 animorum,
927 2296 1029 2351 sed
1075 2294 1345 2368 aequabili
1390 2313 1587 2351 rerum
1632 2301 1839 2352 tenore
1883 2315 1954 2352 eo

203 2391 563 2460 deducimur,
612 2413 728 2468 quo
776 2392 920 2449 velit
961 2392 1061 2466 jus
1111 2398 1173 2447 et
1224 2392 1310 2448 fas
1362 2398 1423 2448 et
1479 2391 1685 2468 religio
1738 2392 1958 2468 suppli-

203 2488 368 2545 cum?
422 2487 629 2556 ΦΗθος,
666 2490 823 2564 (111οᾶ
862 2487 1094 2562 proprie
1134 2494 1349 2544 vocant
1388 2487 1611 2552 Critici,
1643 2488 1841 2544 nescio
1879 2507 1954 2544 an

107 2607 122 2652 '.
201 2583 603 2641 nullumesse
638 2586 828 2641 dicam
870 2584 929 2639 in
965 2583 1068 2640 illa
1105 2583 1320 2639 fabula.
1410 2583 1506 2639 Ita
1540 2584 1820 2640 nimirum
1864 2592 1956 2641 est

201 2697 271 2735 ea
304 2687 547 2747 morata,
578 2686 646 2735 ut
688 2698 906 2756 genera
946 2679 1275 2746 hominum,
1305 2697 1425 2735 non
1468 2678 1737 2735 homines
1781 2679 1955 2754 ipsos,

201 2781 612 2850 repraesentet:
658 2795 777 2832 non
810 2774 1126 2843 Danaidas,
1158 2777 1259 2832 sed
1292 2794 1498 2834 omnes
1527 2794 1657 2850 quae
1692 2794 1954 2850 unquam

199 2870 365 2928 fuere
395 2870 686 2946 supplices
715 2870 1014 2940 mulieres3
1051 2891 1170 2928 non
1202 2872 1536 2948 Pelasgum,
1568 2891 1687 2929 non
1717 2872 1955 2948 plebem

199 2965 576 3043 Argivorum,
609 2968 710 3024 sed
739 2986 961 3044 genera:
996 2969 1121 3043 ipsa
1160 2987 1384 3045 regum,
1414 2968 1727 3046 gregisque
1769 2987 1956 3044 popu—

198 3061 349 3119 laris.
418 3063 649 3120 Deinde
678 3065 932 3121 narratio
963 3065 1214 3140 simplex
1247 3071 1308 3122 et
1337 3072 1557 3141 aperta.
1623 3063 1954 3140 Appellant

200 3158 272 3213 ad
310 3157 479 3214 littus
514 3159 782 3235 virgineS,
814 3160 994 3216 fidem
1030 3159 1386 3237 Argivorum
1430 3160 1767 3236 implorant,
1808 3161 1955 3217 reci-

199 3253 443 3327 piuntur
469 3254 530 3310 in
560 3256 923 3325 societatem,
952 3276 987 3314 a
1015 3264 1316 3332 raptorum
1346 3258 1558 3333 injuria
1580 3258 1954 3314 vindicantur

201 3357 263 3406 et
322 3349 659 3407 liberantur.
753 3351 923 3408 Nihil
981 3351 1078 3408 hic
1134 3353 1424 3409 nodorum
1481 3353 1742 3429 argutiis,
1801 3351 1951 3409 nihil

259 3490 283 3520 h
317 3490 512 3542 Clinton,
538 3491 656 3534 Fast.
681 3493 848 3536 Hellen.
874 3493 947 3536 Ol.
971 3493 1042 3536 80.
1071 3508 1088 3536 1
1107 3512 1120 3545 ;
1154 3494 1225 3536 81.
1254 3508 1292 3536 1.
1531 3492 1544 3523 i
1575 3493 1688 3538 Ibid.
1713 3493 1787 3538 Ol.
1812 3504 1881 3551 79.
1905 3509 1948 3547 4.

260 3562 284 3592 ¹<
316 3563 494 3614 Muller,
517 3578 587 3620 ap.
612 3563 781 3616 Butler,
805 3565 910 3609 Not.
933 3566 978 3608 in
1003 3565 1155 3623 Suppl.
1180 3582 1222 3623 p.
1247 3567 1319 3624 98.
