2320 4126
414 248 523 299 212
804 248 1094 301 Procorum
1120 266 1244 319 crya
1268 247 1483 319 hospites
1507 247 1827 311 immanita&
1925 267 2083 300 PRAEL.
2103 267 2218 301 xm.

411 417 637 475 genere
661 398 707 455 si
737 397 872 473 quis
896 396 1222 474 exspatiari
1248 395 1432 464 volet,
1455 415 1548 453 nae
1577 394 1666 453 illi
1698 414 1980 473 campum
2004 395 2220 454 latissi-

412 516 582 554 mum
638 517 709 555 ac
759 495 1136 554 liberrimum
1183 495 1455 572 praebere
1504 495 1730 571 poterit
1778 496 1991 553 domus
2041 493 2220 572 Ulys—

412 595 552 653 seia.
600 595 802 665 Quem
834 614 974 652 cum
1015 613 1258 671 prorsus
1295 592 1639 671 neglexerit
1681 592 2007 662 HomerUS,
2042 592 2217 667 (nihil

411 692 576 749 enim
611 694 831 751 morari
875 694 1099 751 attinet
1142 692 1557 770 Eurymachos
1597 693 1744 751 istos
1789 699 1853 750 et
1891 689 2214 760 Antinoo&

409 790 571 849 hunc
617 812 837 851 vesana
873 799 1118 850 tantum
1163 792 1525 869 arrogantia,
1555 790 1729 849 illum
1775 790 2006 851 urbana
2050 791 2217 850 calli-

410 889 602 947 ditate
638 890 952 968 nobilem,)
998 890 1062 948 in
1099 896 1387 967 promptu
1428 897 1521 948 est
1559 890 1783 959 videre,
1820 909 2004 967 quam
2039 890 2214 947 nihili

407 987 484 1044 ab
516 1007 588 1045 eo
635 990 711 1047 sit
756 991 1055 1048 aestimata
1099 990 1294 1047 omnis
1338 988 1444 1047 illa
1482 989 1976 1047 turbulentorum
2019 988 2213 1046 homi-

406 1106 554 1144 num
586 1089 770 1146 natio.

494 1186 736 1246 Deinde
796 1189 844 1246 si
905 1187 1143 1266 singula
1215 1207 1543 1266 percurras,
1604 1187 1824 1264 quibus
1891 1186 1998 1246 illa
2061 1197 2212 1247 aetas

403 1284 646 1363 gloriari
687 1286 954 1344 maxime
996 1285 1247 1354 solebat,
1278 1286 1551 1343 invenies
1597 1284 1673 1342 ab
1712 1282 2002 1352 Homer0‚
2040 1285 2210 1360 quasi

406 1385 614 1443 dedita
658 1404 856 1462 opera,
894 1385 1091 1462 procis
1137 1404 1209 1442 ea
1251 1384 1537 1462 denegari
1584 1383 1802 1452 omnia,
1844 1381 2208 1441 Telemacho

404 1504 544 1541 cum
577 1486 698 1543 suis
730 1484 957 1543 eximio
986 1485 1169 1542 modo
1200 1483 1405 1541 tribui.

491 1581 687 1652 Quale
719 1590 811 1641 est
841 1582 1010 1652 illud,
1045 1584 1205 1659 quod
1237 1582 1300 1639 in
1330 1581 1671 1658 hospitibus
1710 1580 2085 1657 excipiendis
2115 1580 2205 1638 illi

402 1701 525 1739 non
584 1683 768 1740 modo
828 1681 1299 1760 negligentiores
1359 1680 1695 1747 extiterint,
1749 1699 1958 1738 verum
2021 1680 2206 1738 etiam

400 1781 697 1839 immanes
727 1801 797 1840 ac
827 1781 1007 1858 plane
1038 1781 1294 1839 barbari.
1386 1779 1459 1838 Id
1492 1780 1655 1856 quod
1695 1799 1908 1856 parum
1952 1780 2205 1837 obscure

401 1881 771 1950 manifestat,
821 1881 951 1957 ipso
1006 1900 1247 1957 quoque
1308 1880 1589 1938 carminis
1648 1879 1842 1947 initio,
1907 1878 2204 1937 Minervae

405 1980 692 2039 Mentem
764 1980 1106 2039 simulantis
1175 1981 1461 2038 introitus
1533 1980 1596 2037 in
1668 1979 1898 2058 regiam
1967 1977 2203 2058 Ulyssis

402 2081 708 2139 domums.

641 2196 719 2254 τὴν
741 2196 788 2241 δὲ
809 2196 927 2242 πολὺ
947 2200 1122 2256 πρῶτος
1140 2195 1209 2241 ἴδε
1230 2195 1490 2256 Τηλέμαχος
1511 2194 1718 2253 θεοειδής.

640 2270 755 2328 ἧστο
775 2272 863 2331 γὰρ
886 2272 933 2316 ἐν
952 2273 1205 2331 μνηστῆρσι
1227 2271 1367 2330 φίλον
1388 2270 1635 2328 τετιημένος
1656 2270 1777 2330 ἦτορ,

641 2346 890 2404 ὀσσόμενος
908 2345 1058 2404 πατέρ’
1082 2345 1249 2391 ἐσθλὸν
1271 2345 1333 2390 ἐνὶ
1354 2345 1522 2404 φρεσὶν
1525 2379 1704 2397 .......

639 2420 694 2465 τὰ
715 2419 929 2480 φρονέων,
950 2421 1204 2479 μνηστῆρσι
1223 2418 1479 2477 μεθήμενος,
1502 2417 1630 2464 εἴσιδ’
1649 2417 1851 2476 Ἀθήνην.

637 2496 697 2552 βῆ
720 2493 757 2539 δ’
781 2495 874 2541 ἰθὺς
893 2492 1151 2553 προθύροιο,
1173 2492 1426 2552 νεμεσσήθη
1450 2493 1487 2538 δ’
1511 2493 1574 2539 ἐνὶ
1595 2492 1719 2554 θύμῳ

638 2569 781 2625 ξεῖνον
802 2568 914 2626 δηθὰ
935 2567 1123 2628 θύρῃσιν
1144 2567 1410 2627 ἐφεστάμεν·
1447 2566 1600 2627 ἐγγύθι
1621 2568 1669 2612 δὲ
1692 2568 1804 2614 στὰς

635 2642 747 2702 χεῖρ’
768 2642 849 2687 ἕλε
872 2642 1110 2702 δεξιτὲρην,
1134 2643 1204 2686 καὶ
1227 2641 1407 2701 ἐδέξατο
1428 2642 1620 2701 χάλκεον
1638 2640 1786 2702 ἔγχος,

637 2715 709 2760 καί
728 2735 802 2774 μιν
823 2715 1036 2775 φωνήσας
1052 2713 1165 2761 ἔπεα
1184 2718 1425 2776 πτερόεντα
1444 2714 1692 2774 προσηύδα·

634 2792 778 2849 χαῖρε,
801 2793 930 2849 ξεῖνε,
951 2789 1056 2850 παρ’
1078 2790 1187 2849 ἄμμι
1208 2790 1439 2850 φιλήσεαι·
1472 2791 1609 2850 αὐτὰρ
1629 2788 1780 2837 ἔπειτα
1858 2804 1861 2806 “

636 2865 813 2910 δείπνου
833 2865 1090 2924 πασάμενος
1109 2864 1342 2923 μυθήσεαι,
1361 2864 1488 2910 ὅττεό
1511 2883 1567 2910 σε
1586 2863 1689 2924 χρή·

634 2939 692 2983 ὡς
712 2937 845 2984 εἵπων
865 2939 1018 2999 ἡγεῖθ’·
1052 2939 1077 2996 ἡ
1101 2939 1138 2984 δ’
1162 2939 1328 2986 ἕσπετο
1349 2939 1537 2985 Παλλὰς
1555 2938 1732 2996 Ἀθήνη·

634 3013 675 3056 οἶ
696 3011 734 3056 δ’
757 3011 832 3057 ὅτε
853 3013 906 3070 δὴ
926 3013 966 3072 ῥ’
984 3011 1199 3059 ἔντοσθεν
1215 3011 1240 3059 ἕ
1243 3017 1329 3059 σαν
1350 3014 1487 3072 δόμου
1508 3014 1722 3073 ὑψηλοῖο,

631 3083 768 3145 ἔγχος
787 3086 867 3144 μὲν
886 3086 927 3146 ῥ’
947 3084 1118 3145 ἔστησε
1138 3087 1290 3147 φέρων
1308 3089 1422 3147 πρὸς
1441 3087 1562 3133 κίονα
1583 3087 1765 3147 μακρήν,

634 3160 900 3219 δουροδόκης
915 3157 1130 3207 ἔντοσθεν
1151 3161 1321 3220 ε’ῦξόου,
1342 3159 1449 3207 ἔνθα
1467 3181 1552 3221 περ
1573 3162 1693 3206 ἅλλα

631 3230 750 3293 ἔγχε’
770 3233 1024 3292 Ὀδυσσῆος
1043 3235 1380 3294 ταλασίφρονος
1398 3233 1557 3281 ἵστατο
1578 3235 1741 3281 πολλά.

391 3372 752 3450 Opportune
797 3394 940 3434 sane
983 3381 1356 3434 memoratur
1397 3376 1584 3433 etiam
1630 3375 1817 3446 locus,
1848 3377 1953 3435 ubi
1992 3397 2189 3436 serva-

389 3472 613 3531 bantur
681 3474 946 3533 absentis
1017 3473 1239 3532 Herois
1304 3475 1579 3544 exuviae3
1651 3496 1730 3535 ne
1796 3497 1916 3536 non
1983 3479 2187 3539 omnia

1129 3680 1148 3707 ¹
1181 3673 1273 3719 Od.
1296 3674 1325 3718 i.
1355 3688 1477 3732 113..
