2320 4126
357 210 467 265 256
495 273 500 277 ⁴
732 212 1015 266 Homerum
1039 213 1220 268 timide
1244 214 1304 267 in
1328 214 1527 268 divinis
1551 216 1767 269 versari.
1880 235 2040 270 PRAEL.
2058 235 2147 271 xv.

355 355 607 424 minum,
637 355 787 414 nihil
826 357 960 426 erit,
998 358 1159 433 quod
1194 357 1540 416 incredulus
1589 360 1838 419 oderim.
1928 360 2151 420 Praete-

356 471 474 521 rea,
495 473 618 512 non
637 455 712 513 de
737 455 1101 514 carminibus
1122 455 1322 524 mod0,
1347 456 1451 514 sed
1476 463 1540 514 et
1571 456 1646 514 de
1675 476 1854 516 scena
1883 458 2152 535 loquitur

359 552 668 623 Horatius,
701 573 884 630 quam
922 554 1106 630 siquis
1149 554 1554 630 importunius
1595 558 1980 633 occupaverit
2011 556 2151 620 Θεὸς·

355 650 471 710 ἀπὸ
500 659 763 732 μηχανῆς,
795 653 1064 730 ipsorum
1093 653 1280 711 etiam
1311 652 1623 711 oculorum
1653 655 1885 730 judicio
1914 657 1985 715 fit
2017 665 2150 716 tum

355 748 614 807 molesta
642 768 753 817 reS,
786 755 920 806 tum
949 749 1013 805 in
1043 748 1290 808 coeleste
1319 768 1548 807 1111111011
1578 750 1999 810 inverecunda.

446 845 552 905 Ad
611 847 981 918 universum,
1043 845 1210 906 Deos
1269 848 1431 924 quod
1490 850 1714 907 attinet
1776 849 2154 919 HomericOS‚

357 965 507 1022 opus
567 953 697 1004 erat
756 947 1048 1024 Scriptori
1107 946 1355 1005 solertia
1406 967 1529 1005 non
1594 949 1853 1018 modica,
1913 969 2150 1009 summo

355 1046 587 1122 pudore
632 1053 695 1103 et
740 1065 941 1104 rerum
987 1065 1288 1104 sacrarum
1328 1048 1687 1116 reverentia,
1736 1055 1807 1107 ut
1857 1059 2149 1118 nosceret,

356 1145 461 1203 ubi
493 1145 745 1222 quisque
775 1146 1141 1222 promendus
1171 1152 1334 1204 esset
1363 1146 1427 1204 111
1457 1146 1659 1205 lucem
1688 1154 1873 1224 atque
1902 1148 1966 1205 in
1995 1168 2153 1207 mor-

357 1245 574 1304 talium
634 1244 881 1316 oculos;
948 1246 1055 1304 ubi
1115 1246 1420 1305 subtiliter
1479 1248 1924 1324 quodammodo
1982 1269 2152 1307 mon-

357 1347 637 1405 strandus
666 1347 773 1403 uni
804 1353 988 1423 atque
1019 1345 1196 1404 alteri
1227 1365 1455 1415 eorum,
1479 1366 1631 1423 quos
1661 1347 1788 1424 ipse
1819 1349 2152 1406 carissimos

356 1444 643 1515 haberet;
709 1446 816 1505 ubi
877 1447 1138 1522 denique
1197 1445 1460 1504 nubibus
1520 1453 1584 1505 et
1640 1466 1809 1505 sacro
1867 1446 2153 1506 celandus

355 1545 621 1603 horrore.
713 1544 943 1604 Misere
1002 1552 1258 1624 vagetur
1316 1563 1561 1604 necesse
1620 1545 1755 1616 erit,
1808 1547 2152 1623 quicunque

358 1643 686 1702 Poetarum
731 1643 1069 1702 versabitur
1118 1645 1183 1702 in
1233 1645 1350 1702 ista
1400 1645 1662 1723 regione,
1709 1664 1832 1703 non
1877 1646 2043 1722 prius
2089 1645 2154 1702 in

356 1742 521 1799 omni
552 1742 679 1800 vita
716 1762 918 1800 rerum
961 1743 1299 1800 divinarum
1336 1742 1568 1800 ratione
1611 1742 1839 1801 habita.
1928 1728 2152 1801 Parum

356 1841 589 1899 videbit
636 1842 699 1899 in
741 1841 875 1900 Diis
920 1842 1042 1900 suis
1086 1841 1356 1919 poeticis,
1403 1840 1507 1917 qui
1551 1840 1891 1919 neglexerit
1935 1841 2154 1918 quibus

354 1937 618 1996 consiliis
663 1939 908 2017 benigni
953 1937 1241 1997 Numinis
1285 1938 1670 1996 contineatur
1713 1956 1921 1997 cursus
1965 1937 2155 1996 fortu-

356 2055 571 2094 narum
601 2057 672 2095 ac
705 2037 844 2096 vitae
875 2057 1020 2097 suae.
2150 2108 2153 2109 ⁷

443 2135 680 2195 Verum
721 2142 792 2193 ut
836 2136 1101 2213 penitius
1142 2136 1286 2212 quid
1327 2135 1504 2194 velim
1550 2135 1961 2214 prospiciatur,
2004 2135 2155 2194 libet

358 2235 625 2312 proferre
663 2236 944 2311 quaedam
986 2255 1065 2294 ex
1095 2236 1407 2312 Odysseia,
1439 2236 1641 2312 qualia
1683 2236 1957 2312 profecto
2003 2255 2156 2293 nun-

358 2353 540 2410 quam
586 2334 919 2412 scripsisset
966 2334 1291 2403 HomerUS‚
1323 2335 1387 2392 ni
1431 2341 1591 2393 esset
1635 2336 1794 2392 circa
1836 2333 2155 2412 religiones

356 2435 623 2491 maxime
662 2433 1068 2511 pudibundUS‚
1111 2440 1411 2510 cauteque
1452 2454 1523 2492 ac
1559 2434 1773 2491 timide
1814 2434 2156 2490 nominaret

358 2530 632 2589 Deorum
677 2532 939 2591 nomina.
1030 2530 1400 2608 Exemplum
1451 2532 1713 2608 primum
1762 2531 2040 2607 ponimus
2092 2533 2154 2590 in
2236 2594 2239 2596 ,

357 2648 430 2687 eo
474 2650 716 2707 genere,
748 2651 867 2707 quo
910 2631 1111 2689 celant
1151 2651 1215 2690 se
1253 2630 1357 2688 Dii
1387 2629 1694 2699 tutelares,
1727 2632 1910 2689 etiam
1951 2631 2027 2690 ab
2066 2632 2154 2701 iis,

357 2749 614 2805 quorum
646 2730 1016 2789 utilitatibus
1046 2731 1435 2789 inserviuntq.

598 2866 726 2912 Ἀλλ’
752 2866 826 2913 ὅτε
848 2867 900 2925 δὴ
922 2866 961 2926 ῥ’
986 2867 1058 2913 ἐπὶ
1079 2869 1157 2925 νῆα
1180 2866 1284 2924 θοὴν
1305 2867 1375 2911 καὶ
1397 2866 1495 2911 θῖνα
1517 2866 1753 2924 θάλασσης

597 2938 734 2999 ᾔομεν
754 2939 1002 2999 ἀχνύμενοι,
1027 2941 1218 3000 θαλερὸν
1239 2940 1347 2984 κατὰ
1368 2939 1503 2998 δάκρυ
1524 2938 1717 2998 χέοντες,

600 3013 750 3071 τόφρα
771 3010 808 3056 δ’
831 3010 899 3070 ἄρ’
922 3011 1130 3070 οἰχομένη
1154 3012 1291 3071 Κίρκη
1312 3012 1432 3070 παρὰ
1454 3009 1524 3069 νηῒ
1541 3012 1726 3070 μελαίνῃ

599 3085 772 3144 ἀρνειὸν
793 3085 1033 3142 κατέδησεν
1054 3084 1135 3139 ὅῖν,
1158 3085 1296 3144 θῆλύν
1316 3105 1365 3131 τε
1384 3086 1610 3144 μέλαιναν,

597 3156 694 3217 ῥεῖα
713 3158 1067 3217 παρεξελθοῦσα·
1101 3160 1167 3206 τὶς
1187 3159 1241 3204 ἂν
1261 3159 1362 3205 θεὸν
1381 3161 1460 3204 οὐκ
1481 3158 1695 3205 ἐθέλοντα

600 3232 907 3291 ὀφθαλμοῖσιν
925 3230 1069 3286 ἴδοιτ’,
1092 3231 1118 3290 ἢ
1141 3231 1228 3278 ἕνθ’
1250 3232 1276 3290 ἢ
1300 3233 1405 3279 ἔνθα
1426 3235 1599 3286 κιόντα;

361 3359 460 3416 Ita
509 3357 689 3436 plane
738 3356 1025 3435 loquitur,
1073 3365 1364 3434 tanquam
1416 3363 1560 3416 eant
1617 3356 1992 3434 redeantque
2043 3358 2155 3416 sub

360 3457 600 3516 silentio
659 3462 895 3517 tutores
966 3456 1285 3516 hominum
1353 3455 1553 3526 Genii,
1614 3455 1811 3514 multa
1882 3455 2155 3524 afferant,

1087 3660 1111 3691 ‘1
1145 3651 1236 3696 od.
1258 3668 1303 3696 x.
1327 3651 1432 3710 569.
