2320 4126
131 292 283 324 PRAEL.
307 291 358 321 x.
386 266 714 338 Repetitiones
738 275 783 318 et
808 269 962 317 οἰκεῖα
988 283 1099 316 cum
1123 264 1325 315 rusticis
1349 260 1618 314 convenire.
1768 260 1862 311 161

130 411 486 470 narrationes
516 408 813 481 interdum
845 405 1268 481 longiusculas:
1315 404 1640 478 praesertim
1671 402 1773 457 ubi
1799 402 1872 457 de

130 496 366 564 nuntiis*
393 505 602 580 agitur,
654 522 867 560 munus
916 521 1086 559 suum
1131 500 1358 563 solicite
1399 498 1741 566 tuentibus;
1798 498 1870 552 de

130 603 285 659 Iride
325 601 577 674 quadam
622 608 725 655 aut
774 597 1073 673 Apolline,
1126 597 1390 653 missisve
1441 596 1514 651 ad
1566 593 1870 651 Achillem

128 698 352 773 legatis,
446 695 635 768 Atqui
699 695 954 750 eundem
1014 712 1140 749 esse
1199 711 1424 748 morem
1484 710 1703 756 eorum,
1772 690 1871 764 qui

129 791 377 868 simplici
438 798 498 845 et
564 790 780 865 agresti
846 790 1040 845 animo
1104 807 1194 844 res
1260 795 1547 853 enarrant,
1608 785 1871 861 quotidie

132 888 418 943 videmus,
823 880 825 883 ’

214 983 518 1046 Praeterea,
566 999 684 1035 non
730 980 974 1036 obscure
1020 979 1247 1036 redolet
1290 988 1420 1035 tum
1464 978 1873 1041 rusticitatem,

131 1087 258 1136 tum
297 1077 590 1144 militiam,
621 1078 777 1150 quod
822 1078 882 1131 in
926 1076 1028 1132 illo
1073 1095 1279 1151 regum
1318 1076 1655 1148 ducumque
1696 1073 1873 1129 choro

132 1177 228 1232 vix
281 1193 462 1230 unum
510 1172 879 1247 alterumque
926 1174 1207 1239 inveniaS,
1255 1173 1350 1228 cui
1404 1190 1523 1226 non
1580 1170 1874 1226 adhaereat

132 1290 299 1328 suum
353 1269 788 1344 quodammodo
842 1287 1194 1344 cognomen.
1308 1266 1468 1323 Hinc
1527 1266 1645 1330 illa,
1704 1261 1876 1322 ποδὰς

129 1364 254 1424 ὠκὺς
279 1363 594 1442 Ἀχιλλεύς,
627 1363 1034 1442 νεφεληγέρετα
1065 1362 1211 1431 Ζεύς,
1240 1362 1597 1441 κορυθαίολος
1625 1359 1875 1438 ’Έκτωρ,

132 1468 410 1520 sexcenta
439 1461 569 1518 alia.
647 1461 830 1517 Erant
860 1460 979 1516 illae
1010 1460 1274 1516 formulae
1306 1458 1578 1516 solennes
1607 1477 1675 1514 ac
1705 1474 1876 1531 paene

134 1557 425 1633 legitimae,
463 1577 604 1632 quas
636 1565 869 1614 tantum
915 1576 1033 1612 non
1074 1557 1278 1632 religio
1315 1556 1521 1612 fuisset
1564 1554 1878 1630 praeterire.

137 1649 348 1724 Neque
382 1670 516 1707 vero
546 1653 605 1707 in
636 1652 797 1707 Deos
830 1650 982 1707 solos
1022 1651 1408 1726 hominesque
1449 1651 1727 1707 convenit
1766 1649 1879 1706 iste

132 1751 238 1804 τῶν
268 1747 465 1804 οἰκείων
498 1766 665 1805 usus:
714 1767 916 1803 verum
949 1749 1128 1804 etiam
1166 1767 1291 1804 rem
1323 1766 1618 1821 quamque
1648 1746 1880 1803 notissi-

134 1860 291 1898 mam
326 1861 430 1898 suo
466 1849 748 1917 tanquam
790 1843 1058 1917 apposito
1102 1842 1347 1898 ornavit.
1437 1838 1714 1914 Exempli
1745 1839 1874 1896 loco

135 1938 270 2006 Sint,
323 1938 626 2014 τανηλέγης
672 1937 925 2007 Θάνατος,
970 1938 1275 2016 ἀτρύγετος
1321 1937 1602 2002 θάλασσα,
1649 1935 1883 2012 μέροπες

135 2030 428 2111 ἄνθρωποι,
472 2037 680 2112 κήρυκες·
724 2034 1135 2111 λιγύφθογγοι,
1178 2034 1412 2110 μώνυχες
1449 2033 1632 2099 ἵπποι,
1674 2037 1884 2088 oaetera

136 2129 195 2184 id
241 2148 442 2205 genus
533 2130 620 2186 Ea
677 2131 778 2204 qui
831 2130 1067 2186 fastidio
1120 2129 1358 2195 habent,
1413 2147 1620 2203 parum
1672 2128 1885 2184 vidisse

137 2227 380 2300 putandi
434 2233 570 2282 sunt
619 2226 679 2282 in
730 2226 979 2300 simplici
1033 2225 1135 2281 illo
1187 2245 1254 2282 ac
1306 2225 1538 2300 plebeio
1598 2242 1884 2288 sermone,

137 2321 300 2395 cujus
350 2323 513 2396 quasi
556 2341 762 2378 norma
803 2322 862 2376 in
909 2321 1244 2378 Homericis
1289 2322 1487 2377 omnia
1527 2320 1650 2376 fere
1691 2321 1885 2375 metiri

138 2415 439 2473 debemus,

221 2510 425 2568 Unum
469 2531 640 2586 porro
683 2531 871 2588 genus
915 2521 1006 2570 est
1052 2533 1257 2570 eorum
1289 2532 1417 2586 quae
1448 2519 1769 2568 tractamus
1810 2512 1889 2566 οἰ-

138 2606 299 2674 κείων,
330 2627 446 2681 quo
490 2608 637 2663 nihil
683 2616 787 2664 aut
831 2610 891 2664 in
937 2628 998 2665 se
1038 2610 1342 2665 venustius
1383 2614 1486 2664 aut
1528 2609 1665 2663 foris
1702 2606 1882 2661 vitam

140 2703 338 2777 agenti
382 2705 827 2760 convenientius
870 2705 1115 2780 cogitari
1159 2710 1388 2778 potest:
1442 2722 1511 2759 ea
1558 2703 1707 2770 dioc,
1761 2721 1887 2775 quae

139 2797 370 2873 singula
400 2799 583 2854 semel
613 2800 817 2855 audita
845 2806 1256 2875 reproesentant
1296 2799 1730 2872 quodammodo
1761 2798 1891 2853 uni-

141 2911 362 2950 versam
404 2895 486 2950 rei
518 2895 744 2951 faciem.
832 2895 1176 2970 Cujusmodi
1227 2901 1364 2950 sunt
1410 2893 1510 2950 illa
1541 2895 1614 2949 de
1644 2892 1887 2950 flumine

140 2986 462 3046 herbosod:

374 3109 612 3154 Ἀσώπονδ’
634 3110 775 3154 ἵκοντο
796 3110 1105 3169 βαθύσχοινον,
1127 3110 1371 3167 λεχεποίην.

145 3217 341 3275 Etiam
385 3240 454 3276 ea
498 3222 785 3296 praeclara,
817 3243 944 3297 quae
984 3227 1249 3279 armenta
1288 3227 1631 3296 pascentem
1674 3216 1892 3276 descri-

144 3313 321 3370 bunte

366 3412 486 3470 Ἴδης
507 3434 551 3459 εν
572 3420 768 3473 κνημοῖσι
789 3416 1071 3474 πολυπτύχου
1093 3417 1328 3472 ὑληέσσης.

379 3589 397 3613 ‘¹
429 3589 480 3632 Il.
502 3591 560 3634 iv.
583 3592 683 3648 383.
1394 3596 1409 3612 ⁴²
1440 3589 1529 3631 xxi.
1554 3604 1653 3645 449.
