<?xml version="1.0" encoding="UTF-8"?>
<!DOCTYPE html PUBLIC "-//W3C//DTD XHTML 1.0 Transitional//EN"
    "http://www.w3.org/TR/xhtml1/DTD/xhtml1-transitional.dtd">
<html xmlns="http://www.w3.org/1999/xhtml" xml:lang="en" lang="en">
 <head>
  <title>
</title>
<meta http-equiv="Content-Type" content="text/html;charset=utf-8" />
  <meta name='ocr-system' content='tesseract 3.04.00' />
  <meta name='ocr-capabilities' content='ocr_page ocr_carea ocr_par ocr_line ocrx_word'/>
</head>
<body>
  <div class='ocr_page' id='page_1' title='image "./a588873901kebluoft_0329.png"; bbox 0 0 2320 4126; ppageno 0'>
   <div class='ocr_carea' id='block_1_1' title="bbox 241 205 1999 274">
    <p class='ocr_par' dir='ltr' id='par_1_1' title="bbox 241 205 1999 274">
     <span class='ocr_line' id='line_1_1' title="bbox 241 205 1999 274; baseline 0.001 -15"><span class='ocrx_word' id='word_1_1' title='bbox 241 227 399 260; x_wconf 79' lang='lat' dir='ltr'><strong>PRAEL.</strong></span> <span class='ocrx_word' id='word_1_2' title='bbox 421 225 573 261; x_wconf 88' lang='lat' dir='ltr'>xvm.</span> <span class='ocrx_word' id='word_1_3' title='bbox 618 206 867 260; x_wconf 70' lang='lat' dir='ltr'>Obscurus</span> <span class='ocrx_word' id='word_1_4' title='bbox 893 205 1117 268; x_wconf 75' lang='lat' dir='ltr'><em>Horror,</em></span> <span class='ocrx_word' id='word_1_5' title='bbox 1144 205 1534 274; x_wconf 66' lang='lat' dir='ltr'>Ayammnoozis</span> <span class='ocrx_word' id='word_1_6' title='bbox 1558 205 1723 257; x_wconf 70' lang='lat' dir='ltr'>initio.</span> <span class='ocrx_word' id='word_1_7' title='bbox 1890 207 1999 261; x_wconf 78' lang='lat'>319</span> 
     </span>
    </p>
   </div>
   <div class='ocr_carea' id='block_1_2' title="bbox 531 338 1533 619">
    <p class='ocr_par' dir='ltr' id='par_1_2' title="bbox 536 338 1533 406">
     <span class='ocr_line' id='line_1_2' title="bbox 536 338 1533 406; baseline -0.002 -15"><span class='ocrx_word' id='word_1_8' title='bbox 536 348 622 406; x_wconf 80' lang='grc' dir='ltr'>ἐγὼ</span> <span class='ocrx_word' id='word_1_9' title='bbox 641 346 759 405; x_wconf 86' lang='grc' dir='ltr'>λέγω</span> <span class='ocrx_word' id='word_1_10' title='bbox 780 359 868 392; x_wconf 91' lang='grc' dir='ltr'>σοι·</span> <span class='ocrx_word' id='word_1_11' title='bbox 901 338 970 390; x_wconf 85' lang='grc' dir='ltr'>καὶ</span> <span class='ocrx_word' id='word_1_12' title='bbox 990 343 1081 390; x_wconf 76' lang='grc' dir='ltr'>τάδ’</span> <span class='ocrx_word' id='word_1_13' title='bbox 1104 345 1180 389; x_wconf 78' lang='grc' dir='ltr'>οὒκ</span> <span class='ocrx_word' id='word_1_14' title='bbox 1200 344 1312 403; x_wconf 84' lang='grc' dir='ltr'>ε’ρεῖς</span> <span class='ocrx_word' id='word_1_15' title='bbox 1330 343 1533 403; x_wconf 71' lang='grc' dir='ltr'>ψύθη.-</span> 
     </span>
    </p>

    <p class='ocr_par' dir='ltr' id='par_1_3' title="bbox 535 416 1515 547">
     <span class='ocr_line' id='line_1_3' title="bbox 535 416 1515 474; baseline -0.001 -13"><span class='ocrx_word' id='word_1_16' title='bbox 535 418 578 470; x_wconf 82' lang='grc' dir='ltr'>ἂ,</span> <span class='ocrx_word' id='word_1_17' title='bbox 599 418 642 461; x_wconf 82' lang='grc' dir='ltr'>ἅ.</span> <span class='ocrx_word' id='word_1_18' title='bbox 672 417 880 474; x_wconf 85' lang='grc' dir='ltr'>μισόθεον</span> <span class='ocrx_word' id='word_1_19' title='bbox 897 417 977 474; x_wconf 77' lang='grc' dir='ltr'>μὲν</span> <span class='ocrx_word' id='word_1_20' title='bbox 996 416 1086 469; x_wconf 75' lang='grc' dir='ltr'>οὖν,</span> <span class='ocrx_word' id='word_1_21' title='bbox 1107 416 1255 461; x_wconf 85' lang='grc' dir='ltr'>πολλὰ</span> <span class='ocrx_word' id='word_1_22' title='bbox 1275 416 1515 474; x_wconf 84' lang='grc' dir='ltr'>συνίστορα</span> 
     </span>
     <span class='ocr_line' id='line_1_4' title="bbox 591 488 1200 547; baseline 0.002 -15"><span class='ocrx_word' id='word_1_23' title='bbox 591 489 814 547; x_wconf 79' lang='grc' dir='ltr'>αὐτοφόνα</span> <span class='ocrx_word' id='word_1_24' title='bbox 834 489 954 541; x_wconf 85' lang='grc' dir='ltr'>κακὰ,</span> <span class='ocrx_word' id='word_1_25' title='bbox 977 488 1200 546; x_wconf 84' lang='grc' dir='ltr'>κᾶρτάνας,</span> 
     </span>
    </p>

    <p class='ocr_par' dir='ltr' id='par_1_4' title="bbox 531 558 1446 619">
     <span class='ocr_line' id='line_1_5' title="bbox 531 558 1446 619; baseline -0.002 -14"><span class='ocrx_word' id='word_1_26' title='bbox 531 561 687 619; x_wconf 82' lang='grc' dir='ltr'>ἀνδρὸς</span> <span class='ocrx_word' id='word_1_27' title='bbox 708 562 939 619; x_wconf 81' lang='grc' dir='ltr'>σφαγεῖον,</span> <span class='ocrx_word' id='word_1_28' title='bbox 961 561 1030 603; x_wconf 87' lang='grc' dir='ltr'>καὶ</span> <span class='ocrx_word' id='word_1_29' title='bbox 1050 560 1183 605; x_wconf 83' lang='grc' dir='ltr'>πέδον</span> <span class='ocrx_word' id='word_1_30' title='bbox 1202 558 1446 618; x_wconf 85' lang='grc' dir='ltr'>ῥαντῆριον.</span> 
     </span>
    </p>
   </div>
   <div class='ocr_carea' id='block_1_3' title="bbox 236 674 2000 845">
    <p class='ocr_par' dir='ltr' id='par_1_5' title="bbox 236 674 2000 845">
     <span class='ocr_line' id='line_1_6' title="bbox 240 674 2000 743; baseline -0.003 -9"><span class='ocrx_word' id='word_1_31' title='bbox 240 678 532 734; x_wconf 83' lang='lat' dir='ltr'>Irridente</span> <span class='ocrx_word' id='word_1_32' title='bbox 570 683 789 742; x_wconf 80' lang='lat' dir='ltr'>autem,</span> <span class='ocrx_word' id='word_1_33' title='bbox 831 682 901 732; x_wconf 77' lang='lat' dir='ltr'>ut</span> <span class='ocrx_word' id='word_1_34' title='bbox 937 675 1021 743; x_wconf 82' lang='lat' dir='ltr'>fit,</span> <span class='ocrx_word' id='word_1_35' title='bbox 1062 674 1274 742; x_wconf 87' lang='lat' dir='ltr'>Chor0‚</span> <span class='ocrx_word' id='word_1_36' title='bbox 1307 674 1617 732; x_wconf 78' lang='lat' dir='ltr'>confimat</span> <span class='ocrx_word' id='word_1_37' title='bbox 1654 693 1716 731; x_wconf 89' lang='lat' dir='ltr'>se</span> <span class='ocrx_word' id='word_1_38' title='bbox 1761 693 1880 730; x_wconf 90' lang='lat' dir='ltr'>non</span> <span class='ocrx_word' id='word_1_39' title='bbox 1911 674 2000 730; x_wconf 88' lang='lat' dir='ltr'>fu-</span> 
     </span>
     <span class='ocr_line' id='line_1_7' title="bbox 236 769 2000 845; baseline -0.002 -17"><span class='ocrx_word' id='word_1_40' title='bbox 236 779 371 828; x_wconf 84' lang='lat' dir='ltr'><strong>tura</strong></span> <span class='ocrx_word' id='word_1_41' title='bbox 419 771 598 828; x_wconf 88' lang='lat' dir='ltr'>modo</span> <span class='ocrx_word' id='word_1_42' title='bbox 649 770 992 845; x_wconf 73' lang='lat' dir='ltr'>praecinere,</span> <span class='ocrx_word' id='word_1_43' title='bbox 1044 789 1251 827; x_wconf 88' lang='lat' dir='ltr'>verum</span> <span class='ocrx_word' id='word_1_44' title='bbox 1295 769 1478 827; x_wconf 77' lang='lat' dir='ltr'>etiam</span> <span class='ocrx_word' id='word_1_45' title='bbox 1522 770 1814 845; x_wconf 82' lang='lat' dir='ltr'>respicere</span> <span class='ocrx_word' id='word_1_46' title='bbox 1854 788 2000 844; x_wconf 89' lang='lat' dir='ltr'><strong>prae-</strong></span> 
     </span>
    </p>
   </div>
   <div class='ocr_carea' id='block_1_4' title="bbox 238 866 447 924">
    <p class='ocr_par' dir='ltr' id='par_1_6' title="bbox 238 866 447 924">
     <span class='ocr_line' id='line_1_8' title="bbox 238 866 447 924; baseline 0.01 -2"><span class='ocrx_word' id='word_1_47' title='bbox 238 866 415 923; x_wconf 73' lang='lat' dir='ltr'>tei-ita</span> <span class='ocrx_word' id='word_1_48' title='bbox 434 885 447 924; x_wconf 90' lang='lat'>:</span> 
     </span>
    </p>
   </div>
   <div class='ocr_carea' id='block_1_5' title="bbox 528 976 1540 1181">
    <p class='ocr_par' dir='ltr' id='par_1_7' title="bbox 528 976 1540 1181">
     <span class='ocr_line' id='line_1_9' title="bbox 528 976 1379 1038; baseline 0 -15"><span class='ocrx_word' id='word_1_49' title='bbox 528 978 802 1038; x_wconf 80' lang='grc' dir='ltr'>μαρτυρίοισι</span> <span class='ocrx_word' id='word_1_50' title='bbox 822 979 907 1037; x_wconf 82' lang='grc' dir='ltr'>γὰρ</span> <span class='ocrx_word' id='word_1_51' title='bbox 927 976 1066 1023; x_wconf 73' lang='grc' dir='ltr'>τοῖσδ’</span> <span class='ocrx_word' id='word_1_52' title='bbox 1089 978 1379 1036; x_wconf 78' lang='grc' dir='ltr'>ἐπιπείθομαι,</span> 
     </span>
     <span class='ocr_line' id='line_1_10' title="bbox 589 1050 1274 1109; baseline 0.001 -15"><span class='ocrx_word' id='word_1_53' title='bbox 589 1053 820 1108; x_wconf 83' lang='grc' dir='ltr'>κλαιόμενα</span> <span class='ocrx_word' id='word_1_54' title='bbox 839 1051 892 1094; x_wconf 83' lang='grc' dir='ltr'>τὰ</span> <span class='ocrx_word' id='word_1_55' title='bbox 911 1050 1058 1109; x_wconf 82' lang='grc' dir='ltr'>βρέφη</span> <span class='ocrx_word' id='word_1_56' title='bbox 1082 1051 1274 1109; x_wconf 80' lang='grc' dir='ltr'>σφαγὰς,</span> 
     </span>
     <span class='ocr_line' id='line_1_11' title="bbox 531 1121 1540 1181; baseline 0 -14"><span class='ocrx_word' id='word_1_57' title='bbox 531 1122 666 1169; x_wconf 78' lang='grc' dir='ltr'>ὀπτὰς</span> <span class='ocrx_word' id='word_1_58' title='bbox 685 1141 732 1166; x_wconf 90' lang='grc' dir='ltr'>τε</span> <span class='ocrx_word' id='word_1_59' title='bbox 754 1123 919 1181; x_wconf 80' lang='grc' dir='ltr'>σάρκας</span> <span class='ocrx_word' id='word_1_60' title='bbox 937 1123 1047 1181; x_wconf 90' lang='grc' dir='ltr'>πρὸς</span> <span class='ocrx_word' id='word_1_61' title='bbox 1065 1124 1228 1181; x_wconf 86' lang='grc' dir='ltr'>πατρὸς</span> <span class='ocrx_word' id='word_1_62' title='bbox 1245 1121 1540 1181; x_wconf 78' lang='grc' dir='ltr'>βεβρωμένας.</span> 
     </span>
    </p>
   </div>
   <div class='ocr_carea' id='block_1_6' title="bbox 232 1237 1997 1700">
    <p class='ocr_par' dir='ltr' id='par_1_8' title="bbox 232 1237 1997 1700">
     <span class='ocr_line' id='line_1_12' title="bbox 235 1237 1997 1315; baseline -0.001 -17"><span class='ocrx_word' id='word_1_63' title='bbox 235 1237 539 1298; x_wconf 78' lang='lat' dir='ltr'>Videlicet</span> <span class='ocrx_word' id='word_1_64' title='bbox 568 1239 816 1296; x_wconf 83' lang='lat' dir='ltr'>obscura</span> <span class='ocrx_word' id='word_1_65' title='bbox 860 1238 1134 1313; x_wconf 88' lang='lat' dir='ltr'>quaedam</span> <span class='ocrx_word' id='word_1_66' title='bbox 1173 1238 1442 1306; x_wconf 85' lang='lat' dir='ltr'>formido,</span> <span class='ocrx_word' id='word_1_67' title='bbox 1479 1238 1554 1295; x_wconf 85' lang='lat' dir='ltr'>ab</span> <span class='ocrx_word' id='word_1_68' title='bbox 1596 1238 1767 1295; x_wconf 83' lang='lat' dir='ltr'>initio</span> <span class='ocrx_word' id='word_1_69' title='bbox 1810 1258 1997 1315; x_wconf 91' lang='lat' dir='ltr'>usque</span> 
     </span>
     <span class='ocr_line' id='line_1_13' title="bbox 233 1332 1996 1412; baseline 0.001 -20"><span class='ocrx_word' id='word_1_70' title='bbox 233 1335 578 1412; x_wconf 81' lang='lat' dir='ltr'>Tragoediae‚</span> <span class='ocrx_word' id='word_1_71' title='bbox 610 1332 1081 1411; x_wconf 83' lang='lat' dir='ltr'>Agamemnonis</span> <span class='ocrx_word' id='word_1_72' title='bbox 1111 1336 1354 1392; x_wconf 91' lang='lat' dir='ltr'>domum</span> <span class='ocrx_word' id='word_1_73' title='bbox 1381 1341 1648 1392; x_wconf 83' lang='lat' dir='ltr'>texerat:</span> <span class='ocrx_word' id='word_1_74' title='bbox 1694 1343 1996 1393; x_wconf 82' lang='lat' dir='ltr'>senserant</span> 
     </span>
     <span class='ocr_line' id='line_1_14' title="bbox 232 1429 1994 1507; baseline 0.001 -20"><span class='ocrx_word' id='word_1_75' title='bbox 232 1431 500 1488; x_wconf 89' lang='lat' dir='ltr'>homines</span> <span class='ocrx_word' id='word_1_76' title='bbox 559 1430 753 1487; x_wconf 86' lang='lat' dir='ltr'>dirum</span> <span class='ocrx_word' id='word_1_77' title='bbox 819 1429 1057 1506; x_wconf 83' lang='lat' dir='ltr'><strong>aliquod</strong></span> <span class='ocrx_word' id='word_1_78' title='bbox 1123 1430 1485 1507; x_wconf 89' lang='lat' dir='ltr'>impendere,</span> <span class='ocrx_word' id='word_1_79' title='bbox 1560 1429 1735 1507; x_wconf 85' lang='lat' dir='ltr'>longe</span> <span class='ocrx_word' id='word_1_80' title='bbox 1792 1439 1994 1489; x_wconf 84' lang='lat' dir='ltr'>autem</span> 
     </span>
     <span class='ocr_line' id='line_1_15' title="bbox 232 1526 1994 1603; baseline 0 -19"><span class='ocrx_word' id='word_1_81' title='bbox 232 1527 471 1602; x_wconf 86' lang='lat' dir='ltr'>lateque</span> <span class='ocrx_word' id='word_1_82' title='bbox 529 1526 899 1584; x_wconf 78' lang='lat' dir='ltr'>fluctuabant</span> <span class='ocrx_word' id='word_1_83' title='bbox 957 1527 1183 1595; x_wconf 82' lang='lat' dir='ltr'>animis,</span> <span class='ocrx_word' id='word_1_84' title='bbox 1243 1546 1361 1603; x_wconf 92' lang='lat' dir='ltr'>quo</span> <span class='ocrx_word' id='word_1_85' title='bbox 1433 1527 1677 1584; x_wconf 78' lang='lat' dir='ltr'>tandem</span> <span class='ocrx_word' id='word_1_86' title='bbox 1749 1528 1994 1585; x_wconf 85' lang='lat' dir='ltr'>erimine</span> 
     </span>
     <span class='ocr_line' id='line_1_16' title="bbox 232 1623 1854 1700; baseline -0.001 -19"><span class='ocrx_word' id='word_1_87' title='bbox 232 1625 449 1681; x_wconf 80' lang='lat' dir='ltr'>devota</span> <span class='ocrx_word' id='word_1_88' title='bbox 475 1642 621 1700; x_wconf 87' lang='lat' dir='ltr'>gens</span> <span class='ocrx_word' id='word_1_89' title='bbox 650 1624 711 1680; x_wconf 93' lang='lat' dir='ltr'>in</span> <span class='ocrx_word' id='word_1_90' title='bbox 740 1642 919 1700; x_wconf 87' lang='lat' dir='ltr'>grave</span> <span class='ocrx_word' id='word_1_91' title='bbox 948 1623 1097 1680; x_wconf 91' lang='lat' dir='ltr'>illud</span> <span class='ocrx_word' id='word_1_92' title='bbox 1126 1624 1458 1700; x_wconf 85' lang='lat' dir='ltr'>perieulum</span> <span class='ocrx_word' id='word_1_93' title='bbox 1487 1624 1854 1681; x_wconf 80' lang='lat' dir='ltr'>incurrerit0.</span> 
     </span>
    </p>
   </div>
   <div class='ocr_carea' id='block_1_7' title="bbox 582 1765 1559 2328">
    <p class='ocr_par' dir='ltr' id='par_1_9' title="bbox 585 1765 1125 1824">
     <span class='ocr_line' id='line_1_17' title="bbox 585 1765 1125 1824; baseline 0.006 -14"><span class='ocrx_word' id='word_1_94' title='bbox 585 1766 708 1811; x_wconf 86' lang='grc' dir='ltr'>τίπτε</span> <span class='ocrx_word' id='word_1_95' title='bbox 726 1785 800 1823; x_wconf 93' lang='grc' dir='ltr'>μοι</span> <span class='ocrx_word' id='word_1_96' title='bbox 821 1765 909 1811; x_wconf 83' lang='grc' dir='ltr'>τόδ’</span> <span class='ocrx_word' id='word_1_97' title='bbox 933 1766 1125 1824; x_wconf 79' lang='grc' dir='ltr'>ἐμπέδως</span> 
     </span>
    </p>

    <p class='ocr_par' dir='ltr' id='par_1_10' title="bbox 587 1837 1078 1897">
     <span class='ocr_line' id='line_1_18' title="bbox 587 1837 1078 1897; baseline -0.002 -14"><span class='ocrx_word' id='word_1_98' title='bbox 587 1839 739 1897; x_wconf 84' lang='grc' dir='ltr'>δεῖγμα</span> <span class='ocrx_word' id='word_1_99' title='bbox 759 1837 1078 1897; x_wconf 81' lang='grc' dir='ltr'>προστατήριον</span> 
     </span>
    </p>

    <p class='ocr_par' dir='ltr' id='par_1_11' title="bbox 586 1911 1267 1968">
     <span class='ocr_line' id='line_1_19' title="bbox 586 1911 1267 1968; baseline 0 -14"><span class='ocrx_word' id='word_1_100' title='bbox 586 1911 760 1968; x_wconf 75' lang='grc' dir='ltr'>καρδίας</span> <span class='ocrx_word' id='word_1_101' title='bbox 779 1912 1052 1967; x_wconf 86' lang='grc' dir='ltr'>τερασκόπου</span> <span class='ocrx_word' id='word_1_102' title='bbox 1072 1913 1267 1963; x_wconf 82' lang='grc' dir='ltr'>ποτᾶται,</span> 
     </span>
    </p>

    <p class='ocr_par' dir='ltr' id='par_1_12' title="bbox 583 1981 1559 2106">
     <span class='ocr_line' id='line_1_20' title="bbox 583 1981 1559 2040; baseline 0 -14"><span class='ocrx_word' id='word_1_103' title='bbox 583 1984 837 2039; x_wconf 85' lang='grc' dir='ltr'>μαντιπολεῖ</span> <span class='ocrx_word' id='word_1_104' title='bbox 857 1981 893 2026; x_wconf 76' lang='grc' dir='ltr'>δ’</span> <span class='ocrx_word' id='word_1_105' title='bbox 916 1982 1180 2028; x_wconf 82' lang='grc' dir='ltr'>ἀκέλευστος</span> <span class='ocrx_word' id='word_1_106' title='bbox 1199 1982 1384 2040; x_wconf 77' lang='grc' dir='ltr'>ἄμισθος</span> <span class='ocrx_word' id='word_1_107' title='bbox 1404 1983 1529 2027; x_wconf 81' lang='grc' dir='ltr'>ἀοίδα</span> <span class='ocrx_word' id='word_1_108' title='bbox 1545 2001 1559 2035; x_wconf 86' lang='grc'><strong>;</strong></span> 
     </span>
     <span class='ocr_line' id='line_1_21' title="bbox 583 2051 1104 2106; baseline 0.002 -9"><span class='ocrx_word' id='word_1_109' title='bbox 583 2051 672 2098; x_wconf 80' lang='grc' dir='ltr'>οὐδ’</span> <span class='ocrx_word' id='word_1_110' title='bbox 692 2052 962 2106; x_wconf 83' lang='grc' dir='ltr'>άποπτῦσαν,</span> <span class='ocrx_word' id='word_1_111' title='bbox 985 2054 1104 2099; x_wconf 88' lang='grc' dir='ltr'>δίκαν</span> 
     </span>
    </p>

    <p class='ocr_par' dir='ltr' id='par_1_13' title="bbox 585 2126 1075 2184">
     <span class='ocr_line' id='line_1_22' title="bbox 585 2126 1075 2184; baseline 0 -14"><span class='ocrx_word' id='word_1_112' title='bbox 585 2126 828 2184; x_wconf 86' lang='grc' dir='ltr'>δυσκρίτων</span> <span class='ocrx_word' id='word_1_113' title='bbox 847 2126 1075 2184; x_wconf 88' lang='grc' dir='ltr'>ὀνειράτων</span> 
     </span>
    </p>

    <p class='ocr_par' dir='ltr' id='par_1_14' title="bbox 583 2196 1034 2255">
     <span class='ocr_line' id='line_1_23' title="bbox 583 2196 1034 2255; baseline -0.002 -13"><span class='ocrx_word' id='word_1_114' title='bbox 583 2197 746 2255; x_wconf 85' lang='grc' dir='ltr'>θάρσος</span> <span class='ocrx_word' id='word_1_115' title='bbox 766 2197 936 2243; x_wconf 76' lang='grc' dir='ltr'>εὐπιθές</span> <span class='ocrx_word' id='word_1_116' title='bbox 955 2196 1034 2252; x_wconf 78' lang='grc' dir='ltr'>ἵζει</span> 
     </span>
    </p>

    <p class='ocr_par' dir='ltr' id='par_1_15' title="bbox 582 2269 1103 2328">
     <span class='ocr_line' id='line_1_24' title="bbox 582 2269 1103 2328; baseline 0.002 -14"><span class='ocrx_word' id='word_1_117' title='bbox 582 2271 743 2328; x_wconf 84' lang='grc' dir='ltr'>φρενὸς</span> <span class='ocrx_word' id='word_1_118' title='bbox 762 2270 899 2328; x_wconf 86' lang='grc' dir='ltr'>φίλον</span> <span class='ocrx_word' id='word_1_119' title='bbox 918 2269 1073 2328; x_wconf 89' lang='grc' dir='ltr'>θρόνον</span> <span class='ocrx_word' id='word_1_120' title='bbox 1086 2288 1103 2322; x_wconf 59' lang='grc' dir='ltr'>ς1</span> 
     </span>
    </p>
   </div>
   <div class='ocr_carea' id='block_1_8' title="bbox 580 2411 1457 2902">
    <p class='ocr_par' dir='ltr' id='par_1_16' title="bbox 580 2411 1457 2614">
     <span class='ocr_line' id='line_1_25' title="bbox 583 2411 1324 2471; baseline 0.001 -15"><span class='ocrx_word' id='word_1_121' title='bbox 583 2414 659 2457; x_wconf 85' lang='grc' dir='ltr'>τὸν</span> <span class='ocrx_word' id='word_1_122' title='bbox 679 2411 716 2457; x_wconf 81' lang='grc' dir='ltr'>δ’</span> <span class='ocrx_word' id='word_1_123' title='bbox 733 2412 832 2457; x_wconf 84' lang='grc' dir='ltr'>ἀνεὺ</span> <span class='ocrx_word' id='word_1_124' title='bbox 851 2412 988 2471; x_wconf 82' lang='grc' dir='ltr'>λύρας</span> <span class='ocrx_word' id='word_1_125' title='bbox 1009 2412 1122 2470; x_wconf 84' lang='grc' dir='ltr'>ὅμως</span> <span class='ocrx_word' id='word_1_126' title='bbox 1141 2413 1324 2470; x_wconf 85' lang='grc' dir='ltr'>ὖμνωδεῖ</span> 
     </span>
     <span class='ocr_line' id='line_1_26' title="bbox 580 2484 1457 2543; baseline 0.001 -15"><span class='ocrx_word' id='word_1_127' title='bbox 580 2485 736 2542; x_wconf 85' lang='grc' dir='ltr'>θρῆνον</span> <span class='ocrx_word' id='word_1_128' title='bbox 754 2484 948 2543; x_wconf 89' lang='grc' dir='ltr'>Ἐρίνυος</span> <span class='ocrx_word' id='word_1_129' title='bbox 968 2485 1271 2530; x_wconf 79' lang='grc' dir='ltr'>αὐτοδίδακτος</span> <span class='ocrx_word' id='word_1_130' title='bbox 1290 2484 1457 2529; x_wconf 77' lang='grc' dir='ltr'>ἔσωθεν</span> 
     </span>
     <span class='ocr_line' id='line_1_27' title="bbox 584 2552 1113 2614; baseline -0.002 -14"><span class='ocrx_word' id='word_1_131' title='bbox 584 2556 732 2611; x_wconf 85' lang='grc' dir='ltr'>θυμὸς,</span> <span class='ocrx_word' id='word_1_132' title='bbox 754 2557 804 2600; x_wconf 79' lang='grc' dir='ltr'>οὐ</span> <span class='ocrx_word' id='word_1_133' title='bbox 824 2557 874 2600; x_wconf 88' lang='grc' dir='ltr'>τὸ</span> <span class='ocrx_word' id='word_1_134' title='bbox 894 2558 980 2601; x_wconf 83' lang='grc' dir='ltr'>πᾶν</span> <span class='ocrx_word' id='word_1_135' title='bbox 996 2552 1113 2614; x_wconf 77' lang='grc' dir='ltr'>ἔχων</span> 
     </span>
    </p>

    <p class='ocr_par' dir='ltr' id='par_1_17' title="bbox 582 2627 1119 2687">
     <span class='ocr_line' id='line_1_28' title="bbox 582 2627 1119 2687; baseline 0.002 -16"><span class='ocrx_word' id='word_1_136' title='bbox 582 2628 760 2674; x_wconf 85' lang='grc' dir='ltr'>ἐλπίδος</span> <span class='ocrx_word' id='word_1_137' title='bbox 780 2627 918 2687; x_wconf 92' lang='grc' dir='ltr'>φίλον</span> <span class='ocrx_word' id='word_1_138' title='bbox 939 2628 1119 2686; x_wconf 88' lang='grc' dir='ltr'>θράσος.</span> 
     </span>
    </p>

    <p class='ocr_par' dir='ltr' id='par_1_18' title="bbox 582 2699 1188 2758">
     <span class='ocr_line' id='line_1_29' title="bbox 582 2699 1188 2758; baseline 0.002 -15"><span class='ocrx_word' id='word_1_139' title='bbox 582 2699 818 2758; x_wconf 83' lang='grc' dir='ltr'>σπλάγχνα</span> <span class='ocrx_word' id='word_1_140' title='bbox 839 2699 875 2743; x_wconf 84' lang='grc' dir='ltr'>δ’</span> <span class='ocrx_word' id='word_1_141' title='bbox 898 2703 990 2745; x_wconf 79' lang='grc' dir='ltr'>οὔτι</span> <span class='ocrx_word' id='word_1_142' title='bbox 1009 2699 1188 2757; x_wconf 78' lang='grc' dir='ltr'>ματάζει</span> 
     </span>
    </p>

    <p class='ocr_par' dir='ltr' id='par_1_19' title="bbox 580 2770 1389 2902">
     <span class='ocr_line' id='line_1_30' title="bbox 580 2770 1389 2829; baseline 0.004 -16"><span class='ocrx_word' id='word_1_143' title='bbox 580 2771 691 2828; x_wconf 86' lang='grc' dir='ltr'>πρὸς</span> <span class='ocrx_word' id='word_1_144' title='bbox 711 2770 890 2817; x_wconf 78' lang='grc' dir='ltr'>ἐνδίκοις</span> <span class='ocrx_word' id='word_1_145' title='bbox 909 2772 1074 2829; x_wconf 80' lang='grc' dir='ltr'>φρεσὶν</span> <span class='ocrx_word' id='word_1_146' title='bbox 1096 2772 1389 2829; x_wconf 82' lang='grc' dir='ltr'>τελεσφόροις</span> 
     </span>
     <span class='ocr_line' id='line_1_31' title="bbox 580 2842 1158 2902; baseline 0.003 -17"><span class='ocrx_word' id='word_1_147' title='bbox 580 2842 714 2888; x_wconf 88' lang='grc' dir='ltr'>δίναις</span> <span class='ocrx_word' id='word_1_148' title='bbox 733 2842 1020 2901; x_wconf 80' lang='grc' dir='ltr'>κυκλούμενον</span> <span class='ocrx_word' id='word_1_149' title='bbox 1040 2843 1158 2902; x_wconf 89' lang='grc' dir='ltr'>κέαρ·</span> 
     </span>
    </p>
   </div>
   <div class='ocr_carea' id='block_1_9' title="bbox 805 2915 954 2931">
    <p class='ocr_par' dir='ltr' id='par_1_20' title="bbox 805 2915 954 2931">
     <span class='ocr_line' id='line_1_32' title="bbox 805 2915 954 2931; baseline 0 0"><span class='ocrx_word' id='word_1_150' title='bbox 805 2915 954 2931; x_wconf 68' lang='lat'>’³2³</span> 
     </span>
    </p>
   </div>
   <div class='ocr_carea' id='block_1_10' title="bbox 580 2980 1084 3118">
    <p class='ocr_par' dir='ltr' id='par_1_21' title="bbox 580 2980 1084 3118">
     <span class='ocr_line' id='line_1_33' title="bbox 580 2980 1068 3045; baseline 0.004 -15"><span class='ocrx_word' id='word_1_151' title='bbox 580 2980 757 3032; x_wconf 81' lang='grc' dir='ltr'>ἐλπίδος</span> <span class='ocrx_word' id='word_1_152' title='bbox 772 2986 894 3045; x_wconf 78' lang='grc' dir='ltr'>ψύθη</span> <span class='ocrx_word' id='word_1_153' title='bbox 915 2990 1068 3033; x_wconf 83' lang='grc' dir='ltr'>πεσεῖν</span> 
     </span>
     <span class='ocr_line' id='line_1_34' title="bbox 581 3058 1084 3118; baseline 0.004 -15"><span class='ocrx_word' id='word_1_154' title='bbox 581 3058 626 3104; x_wconf 77' lang='grc' dir='ltr'>ἐς</span> <span class='ocrx_word' id='word_1_155' title='bbox 645 3060 695 3103; x_wconf 88' lang='grc' dir='ltr'>τὸ</span> <span class='ocrx_word' id='word_1_156' title='bbox 714 3059 772 3116; x_wconf 89' lang='grc' dir='ltr'>μὴ</span> <span class='ocrx_word' id='word_1_157' title='bbox 793 3061 1084 3118; x_wconf 91' lang='grc' dir='ltr'>τελεσφόρον.</span> 
     </span>
    </p>
   </div>
   <div class='ocr_carea' id='block_1_11' title="bbox 217 3176 1985 3448">
    <p class='ocr_par' dir='ltr' id='par_1_22' title="bbox 217 3176 1985 3448">
     <span class='ocr_line' id='line_1_35' title="bbox 314 3176 1982 3256; baseline 0.001 -19"><span class='ocrx_word' id='word_1_158' title='bbox 314 3176 502 3237; x_wconf 79' lang='lat' dir='ltr'>Venit</span> <span class='ocrx_word' id='word_1_159' title='bbox 530 3179 710 3256; x_wconf 84' lang='lat' dir='ltr'>igitur</span> <span class='ocrx_word' id='word_1_160' title='bbox 739 3181 1020 3238; x_wconf 81' lang='lat' dir='ltr'>divinitus</span> <span class='ocrx_word' id='word_1_161' title='bbox 1049 3180 1389 3248; x_wconf 83' lang='lat' dir='ltr'>Cassandra,</span> <span class='ocrx_word' id='word_1_162' title='bbox 1420 3199 1549 3255; x_wconf 84' lang='lat' dir='ltr'>quae</span> <span class='ocrx_word' id='word_1_163' title='bbox 1589 3188 1827 3239; x_wconf 78' lang='lat' dir='ltr'>moneat</span> <span class='ocrx_word' id='word_1_164' title='bbox 1857 3197 1982 3239; x_wconf 89' lang='lat' dir='ltr'>rem</span> 
     </span>
     <span class='ocr_line' id='line_1_36' title="bbox 229 3275 1985 3351; baseline 0.002 -20"><span class='ocrx_word' id='word_1_165' title='bbox 229 3292 464 3332; x_wconf 90' lang='lat' dir='ltr'>omnem</span> <span class='ocrx_word' id='word_1_166' title='bbox 510 3277 803 3351; x_wconf 80' lang='lat' dir='ltr'>pertinere</span> <span class='ocrx_word' id='word_1_167' title='bbox 847 3277 921 3333; x_wconf 84' lang='lat' dir='ltr'>ad</span> <span class='ocrx_word' id='word_1_168' title='bbox 968 3276 1299 3334; x_wconf 74' lang='lat' dir='ltr'>caelestium</span> <span class='ocrx_word' id='word_1_169' title='bbox 1343 3275 1472 3343; x_wconf 71' lang='lat' dir='ltr'>ires,</span> <span class='ocrx_word' id='word_1_170' title='bbox 1517 3282 1697 3351; x_wconf 79' lang='lat' dir='ltr'>atque</span> <span class='ocrx_word' id='word_1_171' title='bbox 1740 3277 1815 3333; x_wconf 86' lang='lat' dir='ltr'>ad</span> <span class='ocrx_word' id='word_1_172' title='bbox 1859 3296 1985 3335; x_wconf 85' lang='lat' dir='ltr'>ma-</span> 
     </span>
     <span class='ocr_line' id='line_1_37' title="bbox 217 3370 1983 3448; baseline 0.003 -22"><span class='ocrx_word' id='word_1_173' title='bbox 217 3370 418 3444; x_wconf 89' lang='lat' dir='ltr'>jorum</span> <span class='ocrx_word' id='word_1_174' title='bbox 455 3370 688 3428; x_wconf 81' lang='lat' dir='ltr'>delicta.</span> <span class='ocrx_word' id='word_1_175' title='bbox 777 3371 953 3441; x_wconf 81' lang='lat' dir='ltr'>Quod</span> <span class='ocrx_word' id='word_1_176' title='bbox 998 3378 1200 3429; x_wconf 83' lang='lat' dir='ltr'>autem</span> <span class='ocrx_word' id='word_1_177' title='bbox 1235 3372 1522 3429; x_wconf 82' lang='lat' dir='ltr'>increduli</span> <span class='ocrx_word' id='word_1_178' title='bbox 1563 3373 1816 3431; x_wconf 80' lang='lat' dir='ltr'>oderunt</span> <span class='ocrx_word' id='word_1_179' title='bbox 1858 3375 1983 3448; x_wconf 87' lang='lat' dir='ltr'>ejus</span> 
     </span>
    </p>
   </div>
   <div class='ocr_carea' id='block_1_12' title="bbox 948 3541 1239 3600">
    <p class='ocr_par' dir='ltr' id='par_1_23' title="bbox 948 3541 1239 3600">
     <span class='ocr_line' id='line_1_38' title="bbox 948 3541 1239 3600; baseline 0.007 -15"><span class='ocrx_word' id='word_1_180' title='bbox 948 3548 966 3566; x_wconf 88' lang='lat'>⁰</span> <span class='ocrx_word' id='word_1_181' title='bbox 996 3541 1109 3586; x_wconf 52' lang='lat' dir='ltr'>Ibida</span> <span class='ocrx_word' id='word_1_182' title='bbox 1135 3542 1239 3600; x_wconf 88' lang='lat'><strong>948.</strong></span> 
     </span>
    </p>
   </div>
   <div class='ocr_carea' id='block_1_13' title="bbox 0 0 60 4126">
    <p class='ocr_par' dir='ltr' id='par_1_24' title="bbox 0 0 60 4126">
     <span class='ocr_line' id='line_1_39' title="bbox 0 0 60 4126; baseline 0 0"><span class='ocrx_word' id='word_1_183' title='bbox 0 0 60 4126; x_wconf 95' lang='lat' dir='ltr'> </span> 
     </span>
    </p>
   </div>
  </div>
 </body>
</html>
