2320 4126
233 288 389 320 PRAEL.
414 288 504 321 xx.
579 268 652 320 ad
678 267 975 337 ,Eyistlbmn
1001 268 1397 319 omnmmwmbam
1423 267 1666 319 adhiberi.
1877 268 1982 319 365

701 408 823 462 μῆνις
842 407 1021 462 ἤλασεν,
1039 405 1200 462 τραπέ-

701 479 803 532 -ζας
822 477 1032 533 ἀτίμωσιν
1051 476 1221 535 ὑστέρῳ
1242 479 1384 535 χρόνῳ

702 550 770 593 καὶ
790 550 1016 605 ξυνεστίου
1038 549 1139 594 Δίος

702 622 1003 680 πρασσομένα,
1024 623 1074 665 τὸ
1096 623 1364 679 νυμφότιμον

701 694 835 751 μέλος
856 695 1052 752 ἐκφάτως
1071 695 1251 745 τιόντος,

702 767 912 820 ὑμέναιον,
935 766 982 814 ὃς
1001 766 1087 811 τότ’
1111 767 1319 824 ἐπέρρεπε

702 841 968 898 γαμβροῖσιν
987 839 1158 883 ἀείδειν.

239 958 433 1014 Etiam
483 957 542 1012 in
591 976 661 1012 eo
710 956 840 1014 loco
887 957 1238 1014 emendatur
1281 975 1486 1013 eorum
1532 958 1845 1023 sententia,
1887 957 1984 1030 qui

235 1055 390 1112 mala
419 1074 552 1110 cum
598 1054 765 1110 bonis
809 1054 1084 1111 alternari
1129 1055 1312 1120 aiunt,
1342 1054 1505 1128 quasi
1543 1055 1798 1129 quodam
1848 1054 1988 1109 orbe

237 1150 419 1207 fatali.
481 1149 598 1207 Hic
629 1159 833 1208 contra
856 1152 1152 1218 docemur,
1175 1150 1332 1208 mala
1362 1152 1683 1226 saepissime
1714 1151 1773 1206 in
1805 1150 1987 1225 pejuS‚

236 1247 333 1321 pia
360 1246 420 1302 in
453 1245 648 1302 laetius
678 1265 745 1303 ac
775 1247 1005 1304 felicius
1035 1247 1382 1322 proficisciq.

587 1366 865 1423 παλαίφατος
885 1365 921 1410 δ’
944 1366 989 1410 ἐν
1008 1368 1183 1424 βροτοῖς
1202 1366 1341 1423 γέρων
1361 1368 1493 1425 λόγος

588 1439 795 1491 τέτυκται,
815 1439 952 1497 μέγαν
971 1438 1232 1483 τελεσθέντα
1253 1440 1401 1495 φωτὸς
1421 1438 1557 1491 ὄλβον

647 1511 919 1562 τεκνοῦσθαι,
941 1509 1037 1567 μήδ’
1059 1510 1219 1554 ἄπαιδα
1240 1509 1453 1566 θνήσκειν·

652 1584 698 1627 ἐκ
719 1583 755 1627 δ’
778 1583 941 1642 ἀγαθᾶς
961 1582 1095 1640 τύχας
1113 1584 1227 1641 γένει

648 1656 911 1707 βλαστάνειν
930 1654 1168 1712 ἀκόρεστον
1188 1653 1316 1709 οἰζύν·

649 1727 750 1785 δίχα
770 1726 806 1771 δ’
830 1727 978 1771 ἄλλων
997 1728 1231 1784 μονόφρων
1251 1727 1318 1770 εἶ-

650 1800 712 1856 μί·
744 1801 794 1843 τὸ
816 1799 1034 1852 δυσσεβὲς
1053 1800 1138 1857 γὰρ
1161 1800 1289 1858 ἔργον

648 1872 755 1928 μετὰ
775 1871 854 1928 μὲν
872 1872 1052 1916 πλείονα
1072 1871 1219 1923 τίκτει,

651 1943 846 2001 σφετέρᾳ
867 1942 902 1987 δ’
925 1943 1067 1987 εἰκότα
1086 1943 1228 2002 γέννᾳ·

651 2014 776 2060 οἴκων
797 2015 832 2059 δ’
855 2015 920 2073 ἄρ’
944 2016 1173 2061 εὐθυδίκων

652 2088 880 2133 καλλίπαις
899 2090 1062 2144 πότμος
1082 2088 1162 2132 ἀεί.

243 2200 495 2266 Videtis,
526 2198 868 2275 popularem
908 2199 993 2255 ita
1031 2200 1232 2275 negari
1274 2200 1504 2273 γνώμην,
1534 2207 1602 2255 ut
1641 2200 1700 2255 in
1738 2199 1992 2274 splendi-

242 2295 372 2351 dius
402 2314 469 2351 ac
499 2294 708 2351 fortius
743 2296 1044 2370 erigantur
1086 2294 1300 2351 animi:
1347 2314 1481 2369 quae
1518 2314 1628 2362 res,
1661 2293 1992 2352 Aristotele

231 2391 453 2465 judice,
485 2391 805 2447 maximam
852 2390 1087 2447 laudem
1122 2392 1183 2446 in
1213 2410 1430 2466 genere
1474 2391 1838 2447 sententioso
1870 2410 1994 2446 me-

242 2494 419 2542 retur.
508 2486 799 2543 Universo
830 2494 1032 2543 autem
1064 2487 1342 2552 carmine,
1373 2505 1477 2542 seu
1521 2487 1756 2561 nuptias
1788 2487 1994 2562 depre-

244 2590 411 2638 cetur
430 2581 656 2639 Chorus
686 2583 988 2650 infaustas,
1009 2601 1111 2639 seu
1142 2581 1469 2657 periculum
1496 2581 1729 2639 familiae
1759 2582 1991 2639 illatum

243 2697 279 2734 a
307 2678 477 2735 leone
502 2680 762 2737 nondum
789 2680 1069 2747 edomit0,
1089 2699 1190 2737 seu
1216 2681 1470 2755 denique
1502 2679 1703 2736 laudet
1734 2681 1990 2755 inopiam

245 2794 380 2831 cum
431 2776 758 2844 honestate,
802 2778 1176 2834 abominetur
1224 2775 1299 2834 τὰ
1354 2777 1731 2855 χρυσόπαστα
1779 2775 1955 2835 ἐσθλά
1978 2798 1991 2845 ;

245 2871 351 2938 his,
397 2873 651 2946 inquam,
696 2873 941 2948 aliisque
985 2874 1348 2949 ambagibuS‚
1380 2875 1577 2941 tacite,
1615 2874 1781 2948 quasi
1833 2874 1989 2930 aliud

245 2969 490 3042 agend0‚
539 2970 648 3025 sub
694 2969 936 3037 Paridis,
985 2969 1256 3036 Helenae‚
1300 2968 1681 3045 Trojanorum
1729 2989 1991 3045 persona,

245 3073 563 3121 monentur
583 3065 886 3142 AEgisthus
909 3075 971 3123 et
995 3066 1452 3143 Clytaemnestra
1474 3087 1610 3124 cum
1641 3068 1775 3123 suiS.
1834 3066 1991 3134 Quid

246 3161 542 3232 quaeritis?
587 3181 705 3219 una
733 3162 862 3219 haec
893 3163 1188 3220 cantilena
1217 3163 1357 3219 satis
1387 3171 1626 3220 exercet
1662 3163 1993 3237 imbuitque

245 3256 471 3313 animos
528 3257 870 3334 legentium,
918 3280 991 3316 ne
1035 3261 1209 3316 nimis
1253 3270 1603 3317 moveantur
1645 3261 1994 3316 imminente

246 3351 533 3410 bonorum
565 3374 839 3412 aerumna.

334 3448 654 3526 Pergamus
691 3452 761 3508 ad
802 3452 1041 3525 reliqua.
1135 3450 1325 3518 Nihil,
1359 3452 1550 3517 cred0‚
1582 3470 1839 3526 unquam
1872 3471 1996 3507 me-

961 3641 977 3663 ⁴¹
1001 3634 1150 3688 Ayam.
1179 3644 1276 3690 727.
