2320 4126
376 215 485 266 100
590 214 734 281 Quid
756 213 926 270 valeat
952 214 1178 267 Achillis
1201 221 1247 267 et
1273 212 1515 267 Patrocli
1539 212 1780 266 amicitia
1802 235 1819 266 .-
1898 232 2060 268 PRAEL.
2080 231 2176 267 vn.

461 361 743 439 Denique
790 382 912 421 non
951 362 1176 420 Priami
1224 361 1518 439 precibUS,
1562 360 1666 418 sed
1711 361 1897 437 patris
1942 380 2175 418 memo-

372 462 496 529 riae,
536 462 842 519 condonat
886 461 1298 539 implacabiles
1346 461 1552 529 etiam,
1593 478 1743 536 quos
1789 461 1852 518 in
1902 459 2175 519 Hectora

371 567 749 638 conceperat,
781 561 1031 619 furores,

458 657 682 734 Neque
713 677 856 716 vero
896 678 1019 716 non
1050 677 1334 736 magnam
1364 656 1551 716 habet
1581 656 1823 715 lenioris
1859 657 2172 734 cujusdam

369 756 622 815 affectus
674 756 1177 834 significationem
1229 777 1400 815 amor
1449 756 1553 815 ille
1606 756 1924 833 plusquam
1978 756 2175 814 foemi-

367 874 537 924 neUS,
569 874 689 930 quo
728 854 833 913 ille
867 854 1217 913 Patroclum
1249 875 1444 923 suum,
1481 855 1683 913 vivum
1723 862 2173 931 mortuumque,

369 954 853 1011 constantissime
903 955 1306 1030 prosequitur.
1405 953 1530 1013 Sed
1580 955 1865 1031 quoniam
1910 955 1960 1010 is
2004 973 2176 1011 amor

356 1050 722 1126 jamdudum
754 1051 906 1109 abiit
936 1052 999 1108 in
1031 1052 1436 1128 proverbium,
1468 1053 1598 1130 ejus
1634 1051 1931 1131 exemplis
1967 1071 2173 1129 super-

366 1149 700 1206 sedendum
749 1149 916 1208 duxi.
1038 1150 1251 1209 Unum
1299 1153 1482 1210 modo
1529 1152 1920 1211 consideretis
1969 1150 2172 1219 velim,

369 1247 556 1323 (quod
589 1247 753 1306 salva
775 1248 882 1305 fiat
914 1248 1254 1306 divinarum
1283 1267 1485 1306 rerum
1516 1248 1899 1326 reverentia‚)
1924 1254 2171 1307 rectene

364 1347 554 1423 possit
594 1346 658 1402 in
699 1345 854 1404 hanc
899 1365 1027 1404 rem
1073 1347 1229 1404 trahi
1278 1348 1789 1424 perfectissimum
1829 1346 1982 1405 illud
2022 1348 2174 1404 ami-

365 1445 523 1503 citiae
554 1444 884 1522 exemplar,
912 1446 1072 1522 quod
1104 1445 1166 1503 in
1192 1445 1430 1505 Davide
1461 1455 1524 1505 et
1547 1446 1588 1504 J
1592 1447 1896 1505 onathano
1927 1453 2171 1523 praestat

365 1545 540 1603 nobis
570 1544 851 1603 Historia
889 1545 1302 1603 Sacrosancta.
1415 1545 1579 1603 Mihi
1640 1547 1904 1623 quidem,
1958 1546 2173 1614 fateor,

364 1643 504 1702 cum
543 1645 619 1702 de
656 1644 835 1701 rebus
875 1643 1135 1702 heroicis
1175 1645 1246 1702 fit
1277 1645 1547 1721 quaestiO,
1580 1664 1818 1722 semper
1847 1645 1974 1702 fere
2015 1643 2172 1702 solet

364 1742 571 1800 venire
614 1743 679 1799 in
730 1750 1004 1801 mentem
1053 1741 1341 1801 Davidis:
1403 1743 1507 1819 qui
1561 1745 1707 1801 dum
1760 1745 1932 1812 vixit,
1982 1743 2174 1802 oculis

363 1859 520 1917 pene
568 1839 898 1898 cernebant
956 1838 1236 1897 homines
1288 1839 1546 1897 formam
1593 1840 1786 1917 ipsam
1838 1860 1908 1898 ac
1954 1841 2173 1899 faciem

362 1938 620 1997 heroicae
669 1939 928 1997 virtutis.
1020 1937 1399 2015 Quacunque
1440 1938 1629 2017 igitur
1669 1958 1747 1997 ex
1795 1947 1967 2016 parte
2007 1938 2175 1997 vide-

362 2057 500 2095 mus
531 2057 671 2095 cum
701 2037 808 2095 illo
833 2057 976 2095 vero
1002 2057 1071 2095 ac
1104 2038 1243 2094 vivo
1274 2038 1598 2096 convenire
1629 2057 1717 2107 ea,
1749 2038 1969 2114 quibus
1999 2037 2173 2096 fabu-

362 2138 522 2197 losos
554 2144 771 2196 ornant
802 2136 1046 2206 Poetae3
1078 2137 1158 2194 ibi
1187 2136 1677 2215 intelligendum,
1701 2157 1830 2195 rem
1861 2136 1982 2195 illis
2013 2137 2170 2194 bene

363 2238 630 2296 cessisse.
721 2235 1044 2312 Nusquam
1075 2243 1281 2293 autem
1316 2235 1533 2294 melius
1565 2237 1957 2306 conveniunt,
1987 2255 2170 2312 quam

364 2355 443 2394 ex
495 2355 568 2394 ea
614 2342 804 2413 parte,
852 2353 1058 2411 quam,
1087 2333 1271 2391 modo
1321 2334 1687 2393 dicebamus,
1781 2334 2046 2412 Nempe,
2098 2341 2171 2393 ut

361 2454 652 2513 germano
674 2434 867 2493 Heroi
885 2433 925 2491 J
930 2433 1289 2503 onathanUS,
1305 2434 1392 2491 ita
1411 2434 1832 2492 commentitio
1854 2433 2172 2493 Patroclus

363 2553 566 2592 comes
597 2533 856 2601 additur,
889 2532 1194 2590 acerrimis
1226 2533 1531 2591 mitissimi
1563 2540 1627 2592 et
1657 2534 2011 2592 suavissimi.

668 2661 745 2704 νῦν
760 2677 826 2704 τις
846 2657 1011 2715 ἐνηείης
1032 2659 1321 2716 Πατροκλῆος
1342 2658 1508 2703 δειλοῖο

665 2732 927 2793 μνησάσθω·
959 2734 1098 2778 πᾶσιν
1117 2733 1203 2792 γὰρ
1226 2732 1439 2778 ἐπίστατο
1460 2733 1664 2792 μείλιχος
1684 2730 1792 2779 εἶναι
1806 2741 1844 2779 a.

365 2841 567 2900 Docet
624 2848 834 2899 autem
894 2840 1233 2898 communis
1285 2840 1428 2908 vita,
1487 2841 1859 2899 firmissimas
1911 2841 2169 2899 evadere

364 2941 661 3000 amicitias
701 2959 929 3008 eorum,
961 2939 1064 3015 qui
1105 2939 1193 2996 ita
1234 2938 1459 2997 similes
1498 2938 1763 2998 habeant
1803 2939 2166 3010 voluntateS,

363 3048 435 3098 ut
455 3040 557 3098 hic
579 3038 886 3096 remissius
910 3043 973 3095 et
995 3036 1206 3106 leniUS,
1227 3036 1331 3095 ille
1352 3057 1491 3095 cum
1516 3058 1736 3116 magna
1758 3039 2167 3108 contentione,

365 3139 581 3197 eadem
611 3137 791 3196 ambo
815 3135 1032 3195 sectari
1063 3155 1133 3194 ac
1163 3135 1416 3213 diligere
1447 3136 1697 3195 soleant.

449 3237 491 3296 J
494 3257 593 3296 am
624 3236 785 3313 quod
811 3233 1100 3293 credibile
1131 3240 1243 3304 est,
1268 3235 1463 3293 amico
1487 3243 1746 3305 mortu0,
1773 3236 1995 3297 Davidi
2025 3255 2174 3315 prae-

365 3337 543 3414 cipue
595 3336 832 3394 luctum
885 3334 1247 3403 accendisse,
1293 3333 1356 3391 id
1405 3333 1636 3392 Achilli
1682 3355 1923 3413 quoque
1975 3339 2169 3396 conti-

362 3434 522 3511 gisse
580 3440 688 3492 aut
740 3433 917 3491 finxit
967 3432 1161 3491 Poeta
1207 3439 1315 3490 aut
1363 3432 1546 3491 fando
1595 3434 1943 3493 audiverat:
2007 3435 2166 3512 ipsos

366 3533 812 3608 quodammodo
884 3533 945 3589 in
1018 3551 1199 3590 causa
1270 3531 1471 3601 fuisse,
1529 3532 1747 3591 inscios
1821 3533 1987 3603 licet,
2061 3553 2170 3592 cur

1079 3664 1103 3689 a
1136 3656 1190 3702 Il.
1215 3657 1321 3703 xvii.
1345 3657 1449 3716 670.
