2320 4126
383 209 494 287 1'38
766 234 1028 305 Eoeempla
1053 234 1335 288 Homerica
1360 242 1468 288 tum
1494 234 1558 288 de
1583 234 1798 305 Epulis,
1925 255 2086 289 PRAEL.
2108 257 2184 292 1x.

473 380 754 441 Gemella
795 387 936 439 sunt
980 379 1131 449 haec,
1163 389 1347 457 atque
1388 399 1476 449 ea,
1508 400 1647 457 quae
1688 381 1870 439 modo
1906 382 1982 440 de
2021 381 2186 461 Age-

385 501 531 539 nore
581 480 990 538 memorabam
1016 500 1028 538 :
1098 499 1292 556 eoque
1340 479 1667 538 studiosius
1714 499 1750 538 a
1797 480 1970 539 nobis
2015 491 2186 541 erant

386 580 726 648 excitanda,
794 575 932 655 'quo'
994 578 1191 636 solent
1264 578 1542 636 homines
1616 579 1678 636 in
1753 579 1862 637 tali
1935 581 2189 638 materia

385 698 743 757 magnorum
770 667 1099 735 Poetarum
1132 677 1295 735 dicta
1326 676 1570 735 liberius
1602 696 1866 754 carpere.
1946 698 1952 702 ·

475 778 592 836 His
624 777 871 835 omnino
895 783 1372 834 consentaneum
1403 783 1550 845 erat,
1582 783 1652 835 ut
1682 777 1746 834 in
1777 776 1971 854 epulis
2002 777 2189 834 etiam

386 876 754 936 instruendis
784 895 991 934 curam
1023 873 1333 934 Homerus
1363 895 1486 934 non
1516 876 1885 935 mediocrem
1916 883 2187 954 poneret.

388 976 554 1034 Hinc
584 975 690 1034 illa
720 976 919 1033 decies
951 975 1227 1052 repetit-a,

688 1114 825 1172 αὐτὰρ
848 1113 942 1158 ἐπεὶ
963 1114 1071 1159 κατὰ
1090 1113 1189 1174 μῆρ’
1213 1114 1332 1172 ἐκάη,
1354 1115 1425 1159 καὶ
1447 1114 1671 1175 σπλάγχν’
1695 1115 1934 1168 ἐπάσαντο,

688 1189 942 1246 μίστυλλόν
963 1187 998 1231 τ’
1022 1188 1108 1247 ἄρα
1127 1188 1288 1239 τᾶλλα,
1311 1189 1381 1233 καὶ
1402 1188 1513 1249 ἀμφ’
1537 1190 1768 1244 ὀβελοῖσιν
1788 1191 1979 1248 ἔπειραν,

688 1262 902 1321 ὤπτησάν
922 1281 971 1307 τε
991 1261 1319 1322 περιφραδέως,
1343 1261 1561 1321 ἐρύσαντό
1582 1283 1630 1309 τε
1650 1265 1808 1309 πάντα.

690 1338 830 1397 αὐτὰρ
854 1337 948 1382 ἐπεὶ
969 1337 1200 1383 παύσαντο
1222 1339 1376 1390 πόνου,
1400 1337 1634 1384 τετύκοντό
1656 1358 1704 1384 τε
1727 1339 1869 1392 δαῖτα,

691 1410 898 1465 δαίνυνθ’,
922 1411 1026 1456 οὐδέ
1044 1431 1088 1457 τι
1110 1411 1246 1470 θυμὸς
1268 1410 1441 1457 ἐδεύετο
1463 1413 1611 1459 δαιτὸς
1633 1409 1771 1470 ἐΐσης.

495 1529 678 1601 Hinc,
753 1532 914 1607 quod
990 1530 1189 1608 Ajaci
1242 1531 1477 1609 praemii
1551 1530 1686 1590 loco
1756 1532 1924 1591 venit
1999 1532 2196 1609 potior

390 1615 654 1688 victimae
681 1644 878 1709 parsz.

694 1768 899 1812 νώτοισιν
920 1766 956 1811 δ’
982 1766 1146 1812 Αἴαντα
1167 1766 1444 1825 διηνεκέεσσι
1465 1766 1672 1826 γέραιρεν

693 1841 808 1900 ἥρως
827 1840 1068 1900 Ἀτρείδης,
1091 1842 1351 1901 εὐρυκρείων
1369 1840 1670 1900 Ἀγαμέμνων.

393 1957 559 2022 Hinc
606 1957 889 2017 Patroclo
936 1959 1000 2017 in
1041 1958 1322 2018 laudibus
1367 1959 1617 2036 ponitur
1666 1959 1752 2034 (id
1800 1959 1961 2035 quod
2009 1960 2198 2017 nostri

389 2077 632 2133 quoque
690 2059 948 2135 majores
1015 2078 1338 2136 generosos
1398 2057 1698 2116 nobilium
1756 2058 1883 2115 sive
1943 2057 2200 2116 famulos

391 2157 518 2215 sive
565 2156 843 2216 alumnos
885 2157 1095 2216 sedulo
1149 2158 1476 2235 docebant)
1527 2158 1677 2216 scite
1737 2177 1879 2215 eum
1927 2177 2004 2215 ac
2055 2177 2200 2235 gna-

394 2256 551 2314 viter
599 2257 783 2333 dapes
828 2277 1055 2335 parare,
1097 2277 1494 2333 mensamque
1542 2256 1798 2315 herilem
1839 2277 2051 2315 ornare
2096 2277 2203 2315 no-

399 2356 591 2414 vissea
614 2375 627 2414 ε

697 2451 722 2506 ἧ
744 2450 801 2511 ῥά
821 2451 871 2498 νύ
891 2453 967 2510 μοί
986 2471 1096 2498 ποτε
1118 2453 1188 2497 καὶ
1211 2452 1285 2506 σὺ,
1309 2453 1585 2511 δυσάμμορε,
1607 2452 1789 2511 φίλταθ’
1814 2453 2012 2512 ἑταίρων,

699 2526 830 2572 αὐτὸς
852 2526 914 2571 ε’νὶ
936 2527 1086 2583 κλισίῃ
1107 2527 1248 2585 λαρὸν
1269 2528 1389 2585 παρὰ
1411 2526 1588 2571 δεῖπνον
1609 2527 1768 2584 ἔθηκας

700 2596 818 2658 αἶψα
843 2600 912 2643 καὶ
933 2600 1170 2658 ὀτραλέως,
1193 2602 1326 2644 ὁπότε
1349 2599 1608 2658 σπερχοίατ’
1630 2599 1811 2659 Ἀχαιοί

697 2675 876 2732 Τρωσὶν
898 2674 970 2733 ἐφ’
996 2675 1288 2733 ἱπποδάμοισι
1310 2673 1465 2733 φέρειν
1485 2673 1767 2733 πολύδακρυν
1777 2672 1940 2733 ”Αρηα.

397 2791 768 2850 Suavissima
819 2791 946 2851 haec
999 2793 1357 2851 memoriam
1408 2799 1696 2850 revocant
1750 2793 2003 2870 hospitii
2044 2793 2206 2851 illius

398 2892 733 2961 castrensi&
765 2911 885 2967 quo
926 2892 1306 2969 accipiuntur
1335 2892 1399 2949 in
1429 2911 1589 2949 nono
1632 2891 1786 2950 libro
1824 2892 2008 2970 legati
2042 2892 2205 2970 Aga-

398 2991 744 3048 memnonis
760 2986 787 3025 Β
814 3010 827 3049 :
1937 2984 1943 2992 ’

700 3102 789 3157 πῦρ
812 3099 859 3144 δέ
882 3099 1181 3156 Μεποιτιάδης
1203 3100 1322 3145 δαῖεν
1342 3099 1472 3160 μέγα,
1495 3100 1674 3147 ἷσόθεος
1694 3102 1807 3159 φώς.

703 3174 840 3232 αὐτὰρ
863 3173 957 3217 ἐπεὶ
979 3173 1087 3217 κατὰ
1107 3175 1196 3231 πῦρ
1219 3172 1337 3230 ἐκάη,
1362 3174 1432 3217 καὶ
1454 3174 1582 3232 φλὸξ
1603 3173 1842 3233 ἐμαράνθη,

702 3246 937 3306 ἀνθρακιὴν
958 3246 1195 3305 στορέσας,
1219 3247 1408 3301 ὀβελοὺς
1428 3246 1654 3306 ἐφύπερθε
1676 3248 1914 3300 τάνυσσεν,

702 3322 857 3367 πάσσε
879 3320 915 3366 δ’
938 3320 1047 3367 ἁλὸς
1068 3321 1220 3374 θείοιο,
1243 3322 1518 3380 κρατευτάων
1541 3321 1760 3380 ἐπαείρας.

704 3395 842 3453 αὐτὰρ
865 3394 959 3440 ἐπεὶ
979 3393 1018 3453 ῥ’
1043 3394 1237 3452 ὤπτησε,
1261 3395 1332 3439 καὶ
1354 3395 1417 3439 εἶν
1438 3395 1634 3440 ἐλεοῖσιν
1655 3395 1822 3453 ἔχευεν,

706 3468 968 3527 Πάτροκλος
987 3468 1068 3527 μὲν
1083 3471 1218 3515 σῖτον
1239 3470 1352 3514 ἑλὼν
1374 3468 1570 3524 ἐπένειμε
1591 3467 1796 3527 τραπέζῃ,

587 3667 608 3691 ²
633 3659 688 3705 11.
709 3661 787 3707 vii.
808 3675 919 3720 321.
1218 3668 1242 3692 a
1261 3661 1354 3705 xix.
1376 3672 1484 3719 315.
1789 3661 1809 3690 b
1831 3660 1893 3706 ix.
1918 3673 2021 3719 209.
