<?xml version="1.0" encoding="UTF-8"?>
<!DOCTYPE html PUBLIC "-//W3C//DTD XHTML 1.0 Transitional//EN"
    "http://www.w3.org/TR/xhtml1/DTD/xhtml1-transitional.dtd">
<html xmlns="http://www.w3.org/1999/xhtml" xml:lang="en" lang="en">
 <head>
  <title>
</title>
<meta http-equiv="Content-Type" content="text/html;charset=utf-8" />
  <meta name='ocr-system' content='tesseract 3.04.00' />
  <meta name='ocr-capabilities' content='ocr_page ocr_carea ocr_par ocr_line ocrx_word'/>
</head>
<body>
  <div class='ocr_page' id='page_1' title='image "./a588873901kebluoft_0076.png"; bbox 0 0 2320 4126; ppageno 0'>
   <div class='ocr_carea' id='block_1_1' title="bbox 408 239 2210 313">
    <p class='ocr_par' dir='ltr' id='par_1_1' title="bbox 408 239 2210 313">
     <span class='ocr_line' id='line_1_1' title="bbox 408 239 2210 313; baseline 0.001 -19"><span class='ocrx_word' id='word_1_1' title='bbox 408 239 482 294; x_wconf 88' lang='lat'>66</span> <span class='ocrx_word' id='word_1_2' title='bbox 645 240 916 313; x_wconf 73' lang='lat' dir='ltr'>E&#39;oeempbc’s</span> <span class='ocrx_word' id='word_1_3' title='bbox 935 240 1154 307; x_wconf 75' lang='lat' dir='ltr'>docetur,</span> <span class='ocrx_word' id='word_1_4' title='bbox 1178 241 1312 313; x_wconf 76' lang='lat' dir='ltr'>quid</span> <span class='ocrx_word' id='word_1_5' title='bbox 1332 241 1400 295; x_wconf 74' lang='lat' dir='ltr'>sit</span> <span class='ocrx_word' id='word_1_6' title='bbox 1425 242 1639 296; x_wconf 76' lang='lat' dir='ltr'>modeste</span> <span class='ocrx_word' id='word_1_7' title='bbox 1665 259 1891 297; x_wconf 73' lang='lat' dir='ltr'>narrare</span> <span class='ocrx_word' id='word_1_8' title='bbox 1905 263 1922 296; x_wconf 89' lang='lat'><em>:</em></span> <span class='ocrx_word' id='word_1_9' title='bbox 1964 261 2133 296; x_wconf 80' lang='lat' dir='ltr'>PRAEL.</span> <span class='ocrx_word' id='word_1_10' title='bbox 2157 260 2210 296; x_wconf 87' lang='lat' dir='ltr'>v.</span> 
     </span>
    </p>
   </div>
   <div class='ocr_carea' id='block_1_2' title="bbox 397 386 2216 3559">
    <p class='ocr_par' dir='ltr' id='par_1_2' title="bbox 403 386 2214 860">
     <span class='ocr_line' id='line_1_2' title="bbox 410 386 2211 467; baseline 0.001 -21"><span class='ocrx_word' id='word_1_11' title='bbox 410 386 533 447; x_wconf 91' lang='lat' dir='ltr'>Sed</span> <span class='ocrx_word' id='word_1_12' title='bbox 556 387 728 447; x_wconf 90' lang='lat' dir='ltr'>abest</span> <span class='ocrx_word' id='word_1_13' title='bbox 749 386 844 445; x_wconf 90' lang='lat' dir='ltr'>his</span> <span class='ocrx_word' id='word_1_14' title='bbox 867 388 1066 445; x_wconf 81' lang='grc' dir='ltr'>οἰκεῖον</span> <span class='ocrx_word' id='word_1_15' title='bbox 1095 387 1268 458; x_wconf 91' lang='lat' dir='ltr'>illud,</span> <span class='ocrx_word' id='word_1_16' title='bbox 1293 388 1455 464; x_wconf 91' lang='lat' dir='ltr'>quod</span> <span class='ocrx_word' id='word_1_17' title='bbox 1486 388 1549 445; x_wconf 91' lang='lat' dir='ltr'>in</span> <span class='ocrx_word' id='word_1_18' title='bbox 1570 387 1926 467; x_wconf 88' lang='lat' dir='ltr'>Virgilianis</span> <span class='ocrx_word' id='word_1_19' title='bbox 1957 388 2211 448; x_wconf 89' lang='lat' dir='ltr'>mirifice</span> 
     </span>
     <span class='ocr_line' id='line_1_3' title="bbox 405 486 2212 566; baseline 0.001 -22"><span class='ocrx_word' id='word_1_20' title='bbox 405 486 655 564; x_wconf 78' lang='lat' dir='ltr'>placuit.</span> <span class='ocrx_word' id='word_1_21' title='bbox 762 486 921 545; x_wconf 87' lang='lat' dir='ltr'>Cum</span> <span class='ocrx_word' id='word_1_22' title='bbox 961 488 1126 544; x_wconf 92' lang='lat' dir='ltr'>enim</span> <span class='ocrx_word' id='word_1_23' title='bbox 1166 493 1336 545; x_wconf 89' lang='lat' dir='ltr'>totus</span> <span class='ocrx_word' id='word_1_24' title='bbox 1387 487 1487 545; x_wconf 89' lang='lat' dir='ltr'>hic</span> <span class='ocrx_word' id='word_1_25' title='bbox 1539 486 1708 546; x_wconf 91' lang='lat' dir='ltr'>locus</span> <span class='ocrx_word' id='word_1_26' title='bbox 1755 488 1845 548; x_wconf 91' lang='lat' dir='ltr'>ita</span> <span class='ocrx_word' id='word_1_27' title='bbox 1891 489 1970 547; x_wconf 87' lang='lat' dir='ltr'>sit</span> <span class='ocrx_word' id='word_1_28' title='bbox 2017 495 2212 566; x_wconf 79' lang='lat' dir='ltr'>athS,</span> 
     </span>
     <span class='ocr_line' id='line_1_4' title="bbox 405 584 2214 663; baseline 0.001 -22"><span class='ocrx_word' id='word_1_29' title='bbox 405 590 477 642; x_wconf 90' lang='lat' dir='ltr'>ut</span> <span class='ocrx_word' id='word_1_30' title='bbox 498 585 651 643; x_wconf 88' lang='lat' dir='ltr'>nihil</span> <span class='ocrx_word' id='word_1_31' title='bbox 680 585 892 663; x_wconf 83' lang='lat' dir='ltr'>magiS,</span> <span class='ocrx_word' id='word_1_32' title='bbox 919 585 996 643; x_wconf 92' lang='lat' dir='ltr'>ad</span> <span class='ocrx_word' id='word_1_33' title='bbox 1018 584 1439 643; x_wconf 82' lang='lat' dir='ltr'>mollissimam</span> <span class='ocrx_word' id='word_1_34' title='bbox 1462 584 1632 643; x_wconf 88' lang='lat' dir='ltr'>illam</span> <span class='ocrx_word' id='word_1_35' title='bbox 1656 586 1768 644; x_wconf 90' lang='lat' dir='ltr'>sub</span> <span class='ocrx_word' id='word_1_36' title='bbox 1800 587 1900 644; x_wconf 92' lang='lat' dir='ltr'>dio</span> <span class='ocrx_word' id='word_1_37' title='bbox 1925 586 2214 663; x_wconf 91' lang='lat' dir='ltr'>quietem,</span> 
     </span>
     <span class='ocr_line' id='line_1_5' title="bbox 405 681 2214 761; baseline 0 -21"><span class='ocrx_word' id='word_1_38' title='bbox 405 688 541 741; x_wconf 92' lang='lat' dir='ltr'>tum</span> <span class='ocrx_word' id='word_1_39' title='bbox 586 683 928 761; x_wconf 90' lang='lat' dir='ltr'>gratissima</span> <span class='ocrx_word' id='word_1_40' title='bbox 982 683 1333 760; x_wconf 89' lang='lat' dir='ltr'>supervenit</span> <span class='ocrx_word' id='word_1_41' title='bbox 1381 681 1672 755; x_wconf 78' lang='lat' dir='ltr'>clausula,</span> <span class='ocrx_word' id='word_1_42' title='bbox 1717 683 1897 742; x_wconf 90' lang='lat' dir='ltr'>unice</span> <span class='ocrx_word' id='word_1_43' title='bbox 1949 683 2025 742; x_wconf 87' lang='lat' dir='ltr'>ad</span> <span class='ocrx_word' id='word_1_44' title='bbox 2078 701 2214 742; x_wconf 85' lang='lat' dir='ltr'>eam</span> 
     </span>
     <span class='ocr_line' id='line_1_6' title="bbox 403 792 928 860; baseline 0.002 -21"><span class='ocrx_word' id='word_1_45' title='bbox 403 801 533 840; x_wconf 89' lang='lat' dir='ltr'>rem</span> <span class='ocrx_word' id='word_1_46' title='bbox 565 792 928 860; x_wconf 90' lang='lat' dir='ltr'>comparata.</span> 
     </span>
    </p>

    <p class='ocr_par' dir='ltr' id='par_1_3' title="bbox 400 879 2216 1753">
     <span class='ocr_line' id='line_1_7' title="bbox 492 879 2214 959; baseline 0 -20"><span class='ocrx_word' id='word_1_47' title='bbox 492 880 730 940; x_wconf 91' lang='lat' dir='ltr'>Verum</span> <span class='ocrx_word' id='word_1_48' title='bbox 785 879 888 955; x_wconf 90' lang='lat' dir='ltr'>(ne</span> <span class='ocrx_word' id='word_1_49' title='bbox 947 899 1255 958; x_wconf 82' lang='lat' dir='ltr'>vagemur,</span> <span class='ocrx_word' id='word_1_50' title='bbox 1317 879 1640 939; x_wconf 80' lang='lat' dir='ltr'>dulcedine</span> <span class='ocrx_word' id='word_1_51' title='bbox 1692 881 1881 959; x_wconf 90' lang='lat' dir='ltr'>capti)</span> <span class='ocrx_word' id='word_1_52' title='bbox 1942 880 2214 939; x_wconf 89' lang='lat' dir='ltr'>conferat</span> 
     </span>
     <span class='ocr_line' id='line_1_8' title="bbox 404 978 2216 1056; baseline 0.001 -20"><span class='ocrx_word' id='word_1_53' title='bbox 404 979 621 1055; x_wconf 90' lang='lat' dir='ltr'>aliquis</span> <span class='ocrx_word' id='word_1_54' title='bbox 672 979 800 1037; x_wconf 84' lang='lat' dir='ltr'>haec</span> <span class='ocrx_word' id='word_1_55' title='bbox 839 978 1103 1056; x_wconf 85' lang='lat' dir='ltr'>Virgilii,</span> <span class='ocrx_word' id='word_1_56' title='bbox 1162 978 1383 1055; x_wconf 88' lang='lat' dir='ltr'>quibus</span> <span class='ocrx_word' id='word_1_57' title='bbox 1436 997 1589 1048; x_wconf 92' lang='lat' dir='ltr'>suas,</span> <span class='ocrx_word' id='word_1_58' title='bbox 1641 987 1713 1037; x_wconf 91' lang='lat' dir='ltr'>ut</span> <span class='ocrx_word' id='word_1_59' title='bbox 1773 979 1917 1048; x_wconf 87' lang='lat' dir='ltr'>dixi,</span> <span class='ocrx_word' id='word_1_60' title='bbox 1970 978 2216 1038; x_wconf 75' lang='lat' dir='ltr'>delicias</span> 
     </span>
     <span class='ocr_line' id='line_1_9' title="bbox 403 1077 2215 1149; baseline 0.001 -14"><span class='ocrx_word' id='word_1_61' title='bbox 403 1084 646 1147; x_wconf 90' lang='lat' dir='ltr'>tractat,</span> <span class='ocrx_word' id='word_1_62' title='bbox 707 1097 848 1136; x_wconf 93' lang='lat' dir='ltr'>cum</span> <span class='ocrx_word' id='word_1_63' title='bbox 909 1077 1248 1136; x_wconf 87' lang='lat' dir='ltr'>decantatis</span> <span class='ocrx_word' id='word_1_64' title='bbox 1307 1077 1426 1136; x_wconf 92' lang='lat' dir='ltr'>illis</span> <span class='ocrx_word' id='word_1_65' title='bbox 1479 1079 1554 1136; x_wconf 90' lang='lat' dir='ltr'>de</span> <span class='ocrx_word' id='word_1_66' title='bbox 1609 1077 1813 1149; x_wconf 90' lang='lat' dir='ltr'>Fama,</span> <span class='ocrx_word' id='word_1_67' title='bbox 1868 1079 1944 1138; x_wconf 93' lang='lat' dir='ltr'>de</span> <span class='ocrx_word' id='word_1_68' title='bbox 2002 1085 2215 1137; x_wconf 89' lang='lat' dir='ltr'>monte</span> 
     </span>
     <span class='ocr_line' id='line_1_10' title="bbox 405 1176 2213 1247; baseline 0.001 -12"><span class='ocrx_word' id='word_1_69' title='bbox 405 1178 608 1246; x_wconf 87' lang='lat' dir='ltr'>AEtna,</span> <span class='ocrx_word' id='word_1_70' title='bbox 657 1178 733 1236; x_wconf 91' lang='lat' dir='ltr'>de</span> <span class='ocrx_word' id='word_1_71' title='bbox 787 1176 970 1235; x_wconf 90' lang='lat' dir='ltr'>Furia</span> <span class='ocrx_word' id='word_1_72' title='bbox 1021 1184 1203 1235; x_wconf 92' lang='lat' dir='ltr'>nocte</span> <span class='ocrx_word' id='word_1_73' title='bbox 1256 1177 1401 1247; x_wconf 89' lang='lat' dir='ltr'>visa,</span> <span class='ocrx_word' id='word_1_74' title='bbox 1454 1178 1838 1237; x_wconf 84' lang='lat' dir='ltr'>carminibus.</span> <span class='ocrx_word' id='word_1_75' title='bbox 1930 1178 2213 1237; x_wconf 81' lang='lat' dir='ltr'>Inveniet</span> 
     </span>
     <span class='ocr_line' id='line_1_11' title="bbox 401 1276 2212 1354; baseline 0.001 -20"><span class='ocrx_word' id='word_1_76' title='bbox 401 1277 697 1354; x_wconf 83' lang='lat' dir='ltr'>profectO,</span> <span class='ocrx_word' id='word_1_77' title='bbox 738 1295 886 1353; x_wconf 92' lang='lat' dir='ltr'>quas</span> <span class='ocrx_word' id='word_1_78' title='bbox 930 1295 1025 1334; x_wconf 87' lang='lat' dir='ltr'>res</span> <span class='ocrx_word' id='word_1_79' title='bbox 1071 1276 1398 1335; x_wconf 90' lang='lat' dir='ltr'>verisimile</span> <span class='ocrx_word' id='word_1_80' title='bbox 1446 1277 1525 1335; x_wconf 90' lang='lat' dir='ltr'>sit</span> <span class='ocrx_word' id='word_1_81' title='bbox 1564 1276 1822 1335; x_wconf 91' lang='lat' dir='ltr'>Poetam</span> <span class='ocrx_word' id='word_1_82' title='bbox 1863 1277 2212 1337; x_wconf 90' lang='lat' dir='ltr'>adhibuisse</span> 
     </span>
     <span class='ocr_line' id='line_1_12' title="bbox 400 1375 2215 1454; baseline 0.001 -21"><span class='ocrx_word' id='word_1_83' title='bbox 400 1376 603 1445; x_wconf 87' lang='lat' dir='ltr'>moris,</span> <span class='ocrx_word' id='word_1_84' title='bbox 654 1395 777 1434; x_wconf 91' lang='lat' dir='ltr'>non</span> <span class='ocrx_word' id='word_1_85' title='bbox 821 1375 1008 1434; x_wconf 88' lang='lat' dir='ltr'>animi</span> <span class='ocrx_word' id='word_1_86' title='bbox 1059 1394 1256 1445; x_wconf 91' lang='lat' dir='ltr'>causa,</span> <span class='ocrx_word' id='word_1_87' title='bbox 1306 1395 1406 1434; x_wconf 91' lang='lat' dir='ltr'>eas</span> <span class='ocrx_word' id='word_1_88' title='bbox 1446 1375 1808 1454; x_wconf 91' lang='lat' dir='ltr'>plerumque</span> <span class='ocrx_word' id='word_1_89' title='bbox 1857 1375 2040 1454; x_wconf 92' lang='lat' dir='ltr'>longo</span> <span class='ocrx_word' id='word_1_90' title='bbox 2080 1395 2215 1434; x_wconf 91' lang='lat' dir='ltr'>ver-</span> 
     </span>
     <span class='ocr_line' id='line_1_13' title="bbox 401 1474 2214 1555; baseline 0.001 -21"><span class='ocrx_word' id='word_1_91' title='bbox 401 1475 618 1534; x_wconf 86' lang='lat' dir='ltr'>borum</span> <span class='ocrx_word' id='word_1_92' title='bbox 648 1481 960 1553; x_wconf 88' lang='lat' dir='ltr'>apparatu,</span> <span class='ocrx_word' id='word_1_93' title='bbox 980 1474 1150 1552; x_wconf 89' lang='lat' dir='ltr'>justa</span> <span class='ocrx_word' id='word_1_94' title='bbox 1185 1476 1338 1534; x_wconf 92' lang='lat' dir='ltr'>serie</span> <span class='ocrx_word' id='word_1_95' title='bbox 1375 1476 1725 1555; x_wconf 83' lang='lat' dir='ltr'>imaginum,</span> <span class='ocrx_word' id='word_1_96' title='bbox 1759 1477 2018 1554; x_wconf 84' lang='lat' dir='ltr'>exponi:</span> <span class='ocrx_word' id='word_1_97' title='bbox 2065 1496 2214 1554; x_wconf 91' lang='lat' dir='ltr'>quas</span> 
     </span>
     <span class='ocr_line' id='line_1_14' title="bbox 402 1574 2212 1652; baseline 0.001 -18"><span class='ocrx_word' id='word_1_98' title='bbox 402 1583 611 1634; x_wconf 88' lang='lat' dir='ltr'>autem</span> <span class='ocrx_word' id='word_1_99' title='bbox 670 1576 800 1652; x_wconf 90' lang='lat' dir='ltr'>ipse</span> <span class='ocrx_word' id='word_1_100' title='bbox 852 1594 930 1632; x_wconf 93' lang='lat' dir='ltr'>ex</span> <span class='ocrx_word' id='word_1_101' title='bbox 988 1574 1192 1632; x_wconf 90' lang='lat' dir='ltr'>animo</span> <span class='ocrx_word' id='word_1_102' title='bbox 1253 1577 1557 1644; x_wconf 81' lang='lat' dir='ltr'>cecinerit,</span> <span class='ocrx_word' id='word_1_103' title='bbox 1611 1596 1712 1636; x_wconf 89' lang='lat' dir='ltr'>eas</span> <span class='ocrx_word' id='word_1_104' title='bbox 1772 1576 1971 1635; x_wconf 89' lang='lat' dir='ltr'>obiter</span> <span class='ocrx_word' id='word_1_105' title='bbox 2027 1578 2212 1636; x_wconf 91' lang='lat' dir='ltr'>modo</span> 
     </span>
     <span class='ocr_line' id='line_1_15' title="bbox 401 1673 1489 1753; baseline 0.001 -20"><span class='ocrx_word' id='word_1_106' title='bbox 401 1675 590 1753; x_wconf 87' lang='lat' dir='ltr'>tangi,</span> <span class='ocrx_word' id='word_1_107' title='bbox 623 1681 686 1733; x_wconf 91' lang='lat' dir='ltr'>et</span> <span class='ocrx_word' id='word_1_108' title='bbox 716 1681 1008 1750; x_wconf 75' lang='lat' dir='ltr'>tanquam</span> <span class='ocrx_word' id='word_1_109' title='bbox 1038 1673 1203 1732; x_wconf 92' lang='lat' dir='ltr'>aliud</span> <span class='ocrx_word' id='word_1_110' title='bbox 1233 1676 1489 1753; x_wconf 90' lang='lat' dir='ltr'>agendo.</span> 
     </span>
    </p>

    <p class='ocr_par' dir='ltr' id='par_1_4' title="bbox 397 1773 2214 2743">
     <span class='ocr_line' id='line_1_16' title="bbox 517 1773 2213 1851; baseline 0.002 -19"><span class='ocrx_word' id='word_1_111' title='bbox 517 1773 743 1851; x_wconf 91' lang='lat' dir='ltr'>Neque</span> <span class='ocrx_word' id='word_1_112' title='bbox 802 1793 944 1831; x_wconf 91' lang='lat' dir='ltr'>vero</span> <span class='ocrx_word' id='word_1_113' title='bbox 1009 1773 1278 1832; x_wconf 91' lang='lat' dir='ltr'>multum</span> <span class='ocrx_word' id='word_1_114' title='bbox 1343 1794 1573 1845; x_wconf 91' lang='lat' dir='ltr'>vereor,</span> <span class='ocrx_word' id='word_1_115' title='bbox 1633 1795 1712 1835; x_wconf 90' lang='lat' dir='ltr'>ne</span> <span class='ocrx_word' id='word_1_116' title='bbox 1770 1775 1964 1834; x_wconf 88' lang='lat' dir='ltr'>vetita</span> <span class='ocrx_word' id='word_1_117' title='bbox 2028 1774 2213 1835; x_wconf 87' lang='lat' dir='ltr'>licitis</span> 
     </span>
     <span class='ocr_line' id='line_1_17' title="bbox 401 1873 2210 1952; baseline 0 -20"><span class='ocrx_word' id='word_1_118' title='bbox 401 1874 650 1952; x_wconf 90' lang='lat' dir='ltr'>indigne</span> <span class='ocrx_word' id='word_1_119' title='bbox 690 1873 898 1931; x_wconf 88' lang='lat' dir='ltr'>videar</span> <span class='ocrx_word' id='word_1_120' title='bbox 926 1873 1201 1943; x_wconf 91' lang='lat' dir='ltr'>miscere,</span> <span class='ocrx_word' id='word_1_121' title='bbox 1232 1873 1281 1932; x_wconf 92' lang='lat' dir='ltr'>si</span> <span class='ocrx_word' id='word_1_122' title='bbox 1313 1874 1483 1933; x_wconf 93' lang='lat' dir='ltr'>vobis</span> <span class='ocrx_word' id='word_1_123' title='bbox 1522 1874 1586 1932; x_wconf 92' lang='lat' dir='ltr'>in</span> <span class='ocrx_word' id='word_1_124' title='bbox 1621 1874 1738 1934; x_wconf 91' lang='lat' dir='ltr'>hoc</span> <span class='ocrx_word' id='word_1_125' title='bbox 1773 1874 1908 1934; x_wconf 94' lang='lat' dir='ltr'>loco</span> <span class='ocrx_word' id='word_1_126' title='bbox 1952 1874 2210 1934; x_wconf 89' lang='lat' dir='ltr'>audeam</span> 
     </span>
     <span class='ocr_line' id='line_1_18' title="bbox 400 1971 2214 2050; baseline 0.001 -20"><span class='ocrx_word' id='word_1_127' title='bbox 400 1972 605 2031; x_wconf 88' lang='lat' dir='ltr'>nobile</span> <span class='ocrx_word' id='word_1_128' title='bbox 679 1992 823 2031; x_wconf 90' lang='lat' dir='ltr'>sane</span> <span class='ocrx_word' id='word_1_129' title='bbox 890 1971 1242 2049; x_wconf 90' lang='lat' dir='ltr'>exemplum</span> <span class='ocrx_word' id='word_1_130' title='bbox 1311 1973 1598 2050; x_wconf 89' lang='lat' dir='ltr'>proferre,</span> <span class='ocrx_word' id='word_1_131' title='bbox 1658 1974 1734 2032; x_wconf 89' lang='lat' dir='ltr'>de</span> <span class='ocrx_word' id='word_1_132' title='bbox 1801 1972 2214 2032; x_wconf 87' lang='lat' dir='ltr'>Sacrosanctis</span> 
     </span>
     <span class='ocr_line' id='line_1_19' title="bbox 399 2070 2212 2150; baseline 0 -20"><span class='ocrx_word' id='word_1_133' title='bbox 399 2072 830 2149; x_wconf 89' lang='lat' dir='ltr'>depromptum</span> <span class='ocrx_word' id='word_1_134' title='bbox 852 2070 1109 2140; x_wconf 82' lang='lat' dir='ltr'>Literis3</span> <span class='ocrx_word' id='word_1_135' title='bbox 1152 2077 1216 2129; x_wconf 86' lang='lat' dir='ltr'>et</span> <span class='ocrx_word' id='word_1_136' title='bbox 1240 2091 1378 2130; x_wconf 90' lang='lat' dir='ltr'>cum</span> <span class='ocrx_word' id='word_1_137' title='bbox 1403 2072 1669 2150; x_wconf 87' lang='lat' dir='ltr'>profanis</span> <span class='ocrx_word' id='word_1_138' title='bbox 1693 2072 1909 2131; x_wconf 90' lang='lat' dir='ltr'>eodem</span> <span class='ocrx_word' id='word_1_139' title='bbox 1933 2079 2212 2150; x_wconf 90' lang='lat' dir='ltr'>spectan-</span> 
     </span>
     <span class='ocr_line' id='line_1_20' title="bbox 398 2168 2213 2247; baseline 0.001 -18"><span class='ocrx_word' id='word_1_140' title='bbox 398 2171 565 2229; x_wconf 90' lang='lat' dir='ltr'>tibus</span> <span class='ocrx_word' id='word_1_141' title='bbox 595 2189 979 2247; x_wconf 90' lang='lat' dir='ltr'>componere.</span> <span class='ocrx_word' id='word_1_142' title='bbox 1071 2168 1442 2230; x_wconf 85' lang='lat' dir='ltr'>Doctissima</span> <span class='ocrx_word' id='word_1_143' title='bbox 1482 2178 1576 2230; x_wconf 90' lang='lat' dir='ltr'>est</span> <span class='ocrx_word' id='word_1_144' title='bbox 1606 2173 1670 2230; x_wconf 91' lang='lat' dir='ltr'>in</span> <span class='ocrx_word' id='word_1_145' title='bbox 1699 2191 1861 2230; x_wconf 92' lang='lat' dir='ltr'>nono</span> <span class='ocrx_word' id='word_1_146' title='bbox 1893 2171 2213 2231; x_wconf 76' lang='lat' dir='ltr'>Pharsaliae</span> 
     </span>
     <span class='ocr_line' id='line_1_21' title="bbox 399 2267 2210 2348; baseline 0.001 -19"><span class='ocrx_word' id='word_1_147' title='bbox 399 2271 476 2329; x_wconf 92' lang='lat' dir='ltr'>de</span> <span class='ocrx_word' id='word_1_148' title='bbox 535 2270 916 2348; x_wconf 87' lang='lat' dir='ltr'>serpentibus</span> <span class='ocrx_word' id='word_1_149' title='bbox 962 2267 1132 2327; x_wconf 88' lang='lat' dir='ltr'>Afris</span> <span class='ocrx_word' id='word_1_150' title='bbox 1190 2270 1472 2339; x_wconf 89' lang='lat' dir='ltr'>narrati0,</span> <span class='ocrx_word' id='word_1_151' title='bbox 1526 2271 1629 2348; x_wconf 92' lang='lat' dir='ltr'>qui</span> <span class='ocrx_word' id='word_1_152' title='bbox 1678 2270 1929 2330; x_wconf 86' lang='lat' dir='ltr'>Catonis</span> <span class='ocrx_word' id='word_1_153' title='bbox 1979 2270 2210 2330; x_wconf 86' lang='lat' dir='ltr'>milites</span> 
     </span>
     <span class='ocr_line' id='line_1_22' title="bbox 399 2368 2208 2448; baseline 0 -20"><span class='ocrx_word' id='word_1_154' title='bbox 399 2369 622 2448; x_wconf 88' lang='lat' dir='ltr'>singuli</span> <span class='ocrx_word' id='word_1_155' title='bbox 673 2368 940 2447; x_wconf 89' lang='lat' dir='ltr'>singulos</span> <span class='ocrx_word' id='word_1_156' title='bbox 989 2368 1225 2426; x_wconf 90' lang='lat' dir='ltr'>diverse</span> <span class='ocrx_word' id='word_1_157' title='bbox 1276 2388 1386 2445; x_wconf 92' lang='lat' dir='ltr'>pro</span> <span class='ocrx_word' id='word_1_158' title='bbox 1439 2369 1562 2427; x_wconf 91' lang='lat' dir='ltr'>suis</span> <span class='ocrx_word' id='word_1_159' title='bbox 1615 2370 1864 2429; x_wconf 90' lang='lat' dir='ltr'>venenis</span> <span class='ocrx_word' id='word_1_160' title='bbox 1914 2370 2208 2429; x_wconf 84' lang='lat' dir='ltr'>necarint.</span> 
     </span>
     <span class='ocr_line' id='line_1_23' title="bbox 399 2467 2209 2546; baseline 0.001 -20"><span class='ocrx_word' id='word_1_161' title='bbox 399 2467 595 2527; x_wconf 91' lang='lat' dir='ltr'>Nulla</span> <span class='ocrx_word' id='word_1_162' title='bbox 623 2467 835 2545; x_wconf 88' lang='lat' dir='ltr'>utique</span> <span class='ocrx_word' id='word_1_163' title='bbox 875 2467 1073 2544; x_wconf 87' lang='lat' dir='ltr'>aptior</span> <span class='ocrx_word' id='word_1_164' title='bbox 1100 2467 1404 2537; x_wconf 70' lang='lat' dir='ltr'>materie-S,</span> <span class='ocrx_word' id='word_1_165' title='bbox 1436 2467 1499 2526; x_wconf 91' lang='lat' dir='ltr'>in</span> <span class='ocrx_word' id='word_1_166' title='bbox 1530 2488 1650 2545; x_wconf 90' lang='lat' dir='ltr'>qua</span> <span class='ocrx_word' id='word_1_167' title='bbox 1690 2487 1754 2528; x_wconf 90' lang='lat' dir='ltr'>se</span> <span class='ocrx_word' id='word_1_168' title='bbox 1783 2469 1982 2546; x_wconf 89' lang='lat' dir='ltr'>jactet</span> <span class='ocrx_word' id='word_1_169' title='bbox 2022 2475 2209 2546; x_wconf 88' lang='lat' dir='ltr'>atque</span> 
     </span>
     <span class='ocr_line' id='line_1_24' title="bbox 397 2565 2211 2643; baseline 0 -16"><span class='ocrx_word' id='word_1_170' title='bbox 397 2568 609 2627; x_wconf 87' lang='lat' dir='ltr'>efferat</span> <span class='ocrx_word' id='word_1_171' title='bbox 648 2566 881 2626; x_wconf 91' lang='lat' dir='ltr'>Lucani</span> <span class='ocrx_word' id='word_1_172' title='bbox 929 2565 1163 2624; x_wconf 88' lang='lat' dir='ltr'>facilior</span> <span class='ocrx_word' id='word_1_173' title='bbox 1203 2586 1385 2643; x_wconf 91' lang='lat' dir='ltr'>quam</span> <span class='ocrx_word' id='word_1_174' title='bbox 1430 2567 1665 2627; x_wconf 85' lang='lat' dir='ltr'>felicior</span> <span class='ocrx_word' id='word_1_175' title='bbox 1710 2588 1945 2628; x_wconf 90' lang='lat' dir='ltr'>manus.</span> <span class='ocrx_word' id='word_1_176' title='bbox 2034 2568 2211 2627; x_wconf 86' lang='lat' dir='ltr'>Inter</span> 
     </span>
     <span class='ocr_line' id='line_1_25' title="bbox 398 2664 1413 2743; baseline -0.005 -16"><span class='ocrx_word' id='word_1_177' title='bbox 398 2666 547 2727; x_wconf 88' lang='lat' dir='ltr'>alios</span> <span class='ocrx_word' id='word_1_178' title='bbox 577 2666 676 2727; x_wconf 88' lang='lat' dir='ltr'>siti</span> <span class='ocrx_word' id='word_1_179' title='bbox 705 2666 1070 2724; x_wconf 88' lang='lat' dir='ltr'>morientem</span> <span class='ocrx_word' id='word_1_180' title='bbox 1103 2664 1413 2743; x_wconf 87' lang='lat' dir='ltr'>depingit:</span> 
     </span>
    </p>

    <p class='ocr_par' dir='ltr' id='par_1_5' title="bbox 639 2761 1610 2808">
     <span class='ocr_line' id='line_1_26' title="bbox 639 2761 1610 2808; baseline -0.001 0"><span class='ocrx_word' id='word_1_181' title='bbox 639 2762 798 2808; x_wconf 89' lang='lat' dir='ltr'>Ebibit</span> <span class='ocrx_word' id='word_1_182' title='bbox 817 2761 1060 2806; x_wconf 90' lang='lat' dir='ltr'>humorem</span> <span class='ocrx_word' id='word_1_183' title='bbox 1082 2761 1256 2806; x_wconf 88' lang='lat' dir='ltr'>circum</span> <span class='ocrx_word' id='word_1_184' title='bbox 1277 2761 1431 2807; x_wconf 87' lang='lat' dir='ltr'>vitalia</span> <span class='ocrx_word' id='word_1_185' title='bbox 1451 2762 1610 2807; x_wconf 86' lang='lat' dir='ltr'>fusum</span> 
     </span>
    </p>

    <p class='ocr_par' dir='ltr' id='par_1_6' title="bbox 638 2834 1670 2894">
     <span class='ocr_line' id='line_1_27' title="bbox 638 2834 1670 2894; baseline 0.001 -14"><span class='ocrx_word' id='word_1_186' title='bbox 638 2835 800 2888; x_wconf 86' lang='lat' dir='ltr'>Pestis,</span> <span class='ocrx_word' id='word_1_187' title='bbox 823 2841 868 2879; x_wconf 88' lang='lat' dir='ltr'>et</span> <span class='ocrx_word' id='word_1_188' title='bbox 887 2834 937 2879; x_wconf 92' lang='lat' dir='ltr'>in</span> <span class='ocrx_word' id='word_1_189' title='bbox 959 2834 1079 2879; x_wconf 89' lang='lat' dir='ltr'>sicco</span> <span class='ocrx_word' id='word_1_190' title='bbox 1099 2834 1308 2894; x_wconf 86' lang='lat' dir='ltr'>linguam</span> <span class='ocrx_word' id='word_1_191' title='bbox 1327 2841 1498 2880; x_wconf 89' lang='lat' dir='ltr'>torrere</span> <span class='ocrx_word' id='word_1_192' title='bbox 1519 2837 1670 2894; x_wconf 85' lang='lat' dir='ltr'>palato</span> 
     </span>
    </p>

    <p class='ocr_par' dir='ltr' id='par_1_7' title="bbox 638 2906 1648 2968">
     <span class='ocr_line' id='line_1_28' title="bbox 638 2906 1648 2968; baseline 0 -14"><span class='ocrx_word' id='word_1_193' title='bbox 638 2907 817 2967; x_wconf 85' lang='lat' dir='ltr'>Coepit:</span> <span class='ocrx_word' id='word_1_194' title='bbox 853 2906 1055 2952; x_wconf 89' lang='lat' dir='ltr'>defessos</span> <span class='ocrx_word' id='word_1_195' title='bbox 1077 2907 1162 2953; x_wconf 89' lang='lat' dir='ltr'>iret</span> <span class='ocrx_word' id='word_1_196' title='bbox 1186 2909 1267 2968; x_wconf 92' lang='lat' dir='ltr'>qui</span> <span class='ocrx_word' id='word_1_197' title='bbox 1289 2908 1432 2953; x_wconf 92' lang='lat' dir='ltr'>sudor</span> <span class='ocrx_word' id='word_1_198' title='bbox 1451 2909 1500 2954; x_wconf 92' lang='lat' dir='ltr'>in</span> <span class='ocrx_word' id='word_1_199' title='bbox 1522 2916 1648 2954; x_wconf 87' lang='lat' dir='ltr'>artus</span> 
     </span>
    </p>

    <p class='ocr_par' dir='ltr' id='par_1_8' title="bbox 637 2981 1878 3263">
     <span class='ocr_line' id='line_1_29' title="bbox 638 2981 1878 3043; baseline 0 -15"><span class='ocrx_word' id='word_1_200' title='bbox 638 2982 687 3028; x_wconf 95' lang='lat' dir='ltr'>N</span> <span class='ocrx_word' id='word_1_201' title='bbox 689 2997 749 3027; x_wconf 91' lang='lat' dir='ltr'>on</span> <span class='ocrx_word' id='word_1_202' title='bbox 771 2981 873 3035; x_wconf 84' lang='lat' dir='ltr'>fuit,</span> <span class='ocrx_word' id='word_1_203' title='bbox 896 2989 1032 3041; x_wconf 87' lang='lat' dir='ltr'>atque</span> <span class='ocrx_word' id='word_1_204' title='bbox 1052 2983 1211 3026; x_wconf 92' lang='grc'>0011108</span> <span class='ocrx_word' id='word_1_205' title='bbox 1232 2983 1539 3042; x_wconf 86' lang='lat' dir='ltr'>lacrymarum</span> <span class='ocrx_word' id='word_1_206' title='bbox 1560 2998 1677 3028; x_wconf 88' lang='lat' dir='ltr'>vena</span> <span class='ocrx_word' id='word_1_207' title='bbox 1695 2982 1878 3043; x_wconf 86' lang='lat' dir='ltr'>refugit.</span> 
     </span>
     <span class='ocr_line' id='line_1_30' title="bbox 639 3055 1745 3117; baseline 0.001 -15"><span class='ocrx_word' id='word_1_208' title='bbox 639 3055 751 3102; x_wconf 90' lang='lat' dir='ltr'>Non</span> <span class='ocrx_word' id='word_1_209' title='bbox 772 3055 911 3100; x_wconf 87' lang='lat' dir='ltr'>decus</span> <span class='ocrx_word' id='word_1_210' title='bbox 927 3055 1120 3114; x_wconf 87' lang='lat' dir='ltr'>imperii,</span> <span class='ocrx_word' id='word_1_211' title='bbox 1142 3070 1238 3100; x_wconf 89' lang='lat' dir='ltr'>non</span> <span class='ocrx_word' id='word_1_212' title='bbox 1259 3057 1413 3101; x_wconf 84' lang='lat' dir='ltr'>moesti</span> <span class='ocrx_word' id='word_1_213' title='bbox 1427 3058 1534 3117; x_wconf 76' lang='lat' dir='ltr'>Jura</span> <span class='ocrx_word' id='word_1_214' title='bbox 1557 3056 1745 3103; x_wconf 87' lang='lat' dir='ltr'>Catonis</span> 
     </span>
     <span class='ocr_line' id='line_1_31' title="bbox 639 3128 1806 3190; baseline 0 -15"><span class='ocrx_word' id='word_1_215' title='bbox 639 3128 893 3175; x_wconf 88' lang='lat' dir='ltr'>Ardentem</span> <span class='ocrx_word' id='word_1_216' title='bbox 912 3135 1099 3173; x_wconf 89' lang='lat' dir='ltr'>tenuere</span> <span class='ocrx_word' id='word_1_217' title='bbox 1118 3128 1285 3183; x_wconf 82' lang='lat' dir='ltr'>virum,</span> <span class='ocrx_word' id='word_1_218' title='bbox 1308 3130 1420 3189; x_wconf 91' lang='lat' dir='ltr'>quin</span> <span class='ocrx_word' id='word_1_219' title='bbox 1441 3145 1653 3189; x_wconf 85' lang='lat' dir='ltr'>spargere</span> <span class='ocrx_word' id='word_1_220' title='bbox 1674 3131 1806 3190; x_wconf 86' lang='lat' dir='ltr'>signa</span> 
     </span>
     <span class='ocr_line' id='line_1_32' title="bbox 637 3202 1673 3263; baseline 0 -15"><span class='ocrx_word' id='word_1_221' title='bbox 637 3203 856 3257; x_wconf 91' lang='lat' dir='ltr'>Auderet‚</span> <span class='ocrx_word' id='word_1_222' title='bbox 876 3202 1076 3262; x_wconf 89' lang='lat' dir='ltr'>totisque</span> <span class='ocrx_word' id='word_1_223' title='bbox 1096 3202 1254 3248; x_wconf 84' lang='lat' dir='ltr'>furens</span> <span class='ocrx_word' id='word_1_224' title='bbox 1277 3203 1531 3263; x_wconf 86' lang='lat' dir='ltr'>exquireret</span> <span class='ocrx_word' id='word_1_225' title='bbox 1551 3203 1673 3262; x_wconf 85' lang='lat' dir='ltr'>agris</span> 
     </span>
    </p>

    <p class='ocr_par' dir='ltr' id='par_1_9' title="bbox 637 3276 1936 3559">
     <span class='ocr_line' id='line_1_33' title="bbox 640 3276 1936 3336; baseline 0 -13"><span class='ocrx_word' id='word_1_226' title='bbox 640 3278 770 3328; x_wconf 79' lang='lat' dir='ltr'>Quas</span> <span class='ocrx_word' id='word_1_227' title='bbox 791 3276 1007 3336; x_wconf 87' lang='lat' dir='ltr'>poscebat</span> <span class='ocrx_word' id='word_1_228' title='bbox 1028 3291 1169 3336; x_wconf 88' lang='lat' dir='ltr'>aquas</span> <span class='ocrx_word' id='word_1_229' title='bbox 1193 3277 1349 3322; x_wconf 89' lang='lat' dir='ltr'>sitiens</span> <span class='ocrx_word' id='word_1_230' title='bbox 1371 3278 1417 3322; x_wconf 94' lang='lat' dir='ltr'>in</span> <span class='ocrx_word' id='word_1_231' title='bbox 1444 3277 1581 3322; x_wconf 91' lang='lat' dir='ltr'>corde</span> <span class='ocrx_word' id='word_1_232' title='bbox 1601 3291 1845 3323; x_wconf 88' lang='lat' dir='ltr'>venenum.</span> <span class='ocrx_word' id='word_1_233' title='bbox 1863 3310 1873 3323; x_wconf 89' lang='lat'>.</span> <span class='ocrx_word' id='word_1_234' title='bbox 1895 3311 1905 3322; x_wconf 93' lang='lat'>.</span> <span class='ocrx_word' id='word_1_235' title='bbox 1926 3311 1936 3323; x_wconf 84' lang='lat'>.</span> 
     </span>
     <span class='ocr_line' id='line_1_34' title="bbox 637 3349 1744 3409; baseline -0.003 -11"><span class='ocrx_word' id='word_1_236' title='bbox 637 3352 779 3398; x_wconf 89' lang='lat' dir='ltr'>Nunc</span> <span class='ocrx_word' id='word_1_237' title='bbox 798 3350 917 3396; x_wconf 87' lang='lat' dir='ltr'>redit</span> <span class='ocrx_word' id='word_1_238' title='bbox 937 3349 996 3396; x_wconf 87' lang='lat' dir='ltr'>ad</span> <span class='ocrx_word' id='word_1_239' title='bbox 1019 3349 1191 3409; x_wconf 86' lang='lat' dir='ltr'>Syrtes,</span> <span class='ocrx_word' id='word_1_240' title='bbox 1214 3357 1259 3396; x_wconf 91' lang='lat' dir='ltr'>et</span> <span class='ocrx_word' id='word_1_241' title='bbox 1279 3350 1447 3396; x_wconf 85' lang='lat' dir='ltr'>fluctus</span> <span class='ocrx_word' id='word_1_242' title='bbox 1469 3350 1631 3409; x_wconf 85' lang='lat' dir='ltr'>accipit</span> <span class='ocrx_word' id='word_1_243' title='bbox 1651 3365 1744 3404; x_wconf 89' lang='lat' dir='ltr'>ore,</span> 
     </span>
     <span class='ocr_line' id='line_1_35' title="bbox 639 3423 1866 3486; baseline 0.001 -15"><span class='ocrx_word' id='word_1_244' title='bbox 639 3426 992 3486; x_wconf 87' lang='lat' dir='ltr'>AEquoreusque</span> <span class='ocrx_word' id='word_1_245' title='bbox 1011 3425 1174 3483; x_wconf 86' lang='lat' dir='ltr'>placet,</span> <span class='ocrx_word' id='word_1_246' title='bbox 1194 3423 1275 3469; x_wconf 91' lang='lat' dir='ltr'>sed</span> <span class='ocrx_word' id='word_1_247' title='bbox 1296 3439 1392 3470; x_wconf 91' lang='lat' dir='ltr'>non</span> <span class='ocrx_word' id='word_1_248' title='bbox 1412 3431 1457 3470; x_wconf 91' lang='lat' dir='ltr'>et</span> <span class='ocrx_word' id='word_1_249' title='bbox 1478 3425 1660 3479; x_wconf 88' lang='lat' dir='ltr'>sufficit,</span> <span class='ocrx_word' id='word_1_250' title='bbox 1682 3425 1866 3472; x_wconf 87' lang='lat' dir='ltr'>humor.</span> 
     </span>
     <span class='ocr_line' id='line_1_36' title="bbox 639 3498 1776 3559; baseline 0 -15"><span class='ocrx_word' id='word_1_251' title='bbox 639 3499 739 3544; x_wconf 88' lang='lat' dir='ltr'>Nec</span> <span class='ocrx_word' id='word_1_252' title='bbox 761 3498 898 3544; x_wconf 85' lang='lat' dir='ltr'>sentit</span> <span class='ocrx_word' id='word_1_253' title='bbox 918 3498 1090 3559; x_wconf 85' lang='lat' dir='ltr'>fatique</span> <span class='ocrx_word' id='word_1_254' title='bbox 1109 3514 1272 3558; x_wconf 85' lang='lat' dir='ltr'>genus,</span> <span class='ocrx_word' id='word_1_255' title='bbox 1293 3505 1580 3559; x_wconf 91' lang='lat' dir='ltr'>mortemque</span> <span class='ocrx_word' id='word_1_256' title='bbox 1599 3499 1776 3553; x_wconf 88' lang='lat' dir='ltr'>veneni,</span> 
     </span>
    </p>
   </div>
   <div class='ocr_carea' id='block_1_3' title="bbox 640 3571 1836 3705">
    <p class='ocr_par' dir='ltr' id='par_1_10' title="bbox 640 3571 1836 3705">
     <span class='ocr_line' id='line_1_37' title="bbox 641 3571 1836 3632; baseline 0 -14"><span class='ocrx_word' id='word_1_257' title='bbox 641 3571 734 3618; x_wconf 90' lang='lat' dir='ltr'>Sed</span> <span class='ocrx_word' id='word_1_258' title='bbox 754 3578 886 3631; x_wconf 88' lang='lat' dir='ltr'>putat</span> <span class='ocrx_word' id='word_1_259' title='bbox 906 3586 1005 3617; x_wconf 90' lang='lat' dir='ltr'>esse</span> <span class='ocrx_word' id='word_1_260' title='bbox 1026 3571 1165 3625; x_wconf 88' lang='lat' dir='ltr'>sitim,</span> <span class='ocrx_word' id='word_1_261' title='bbox 1187 3572 1398 3632; x_wconf 89' lang='lat' dir='ltr'>ferroque</span> <span class='ocrx_word' id='word_1_262' title='bbox 1417 3572 1589 3632; x_wconf 85' lang='lat' dir='ltr'>aperire</span> <span class='ocrx_word' id='word_1_263' title='bbox 1608 3578 1836 3618; x_wconf 87' lang='lat' dir='ltr'>tumentes</span> 
     </span>
     <span class='ocr_line' id='line_1_38' title="bbox 640 3643 1714 3705; baseline 0.004 -16"><span class='ocrx_word' id='word_1_264' title='bbox 640 3643 870 3691; x_wconf 88' lang='lat' dir='ltr'>Sustinuit</span> <span class='ocrx_word' id='word_1_265' title='bbox 889 3658 1044 3698; x_wconf 78' lang='lat' dir='ltr'>venaS,</span> <span class='ocrx_word' id='word_1_266' title='bbox 1067 3651 1203 3705; x_wconf 82' lang='lat' dir='ltr'>atque</span> <span class='ocrx_word' id='word_1_267' title='bbox 1224 3659 1276 3691; x_wconf 90' lang='grc'>08</span> <span class='ocrx_word' id='word_1_268' title='bbox 1297 3644 1487 3705; x_wconf 91' lang='lat' dir='ltr'>implere</span> <span class='ocrx_word' id='word_1_269' title='bbox 1508 3661 1668 3693; x_wconf 88' lang='lat' dir='ltr'>cruore</span> <span class='ocrx_word' id='word_1_270' title='bbox 1681 3653 1714 3693; x_wconf 77' lang='lat'>⁰.</span> 
     </span>
    </p>
   </div>
   <div class='ocr_carea' id='block_1_4' title="bbox 958 3757 1622 3823">
    <p class='ocr_par' dir='ltr' id='par_1_11' title="bbox 958 3757 1622 3823">
     <span class='ocr_line' id='line_1_39' title="bbox 958 3757 1622 3823; baseline 0.008 -20"><span class='ocrx_word' id='word_1_271' title='bbox 958 3765 975 3786; x_wconf 75' lang='lat'><strong>⁰</strong></span> <span class='ocrx_word' id='word_1_272' title='bbox 1006 3757 1167 3806; x_wconf 83' lang='lat' dir='ltr'>Phars.</span> <span class='ocrx_word' id='word_1_273' title='bbox 1192 3758 1277 3806; x_wconf 94' lang='lat' dir='ltr'>IX.</span> <span class='ocrx_word' id='word_1_274' title='bbox 1301 3770 1406 3821; x_wconf 86' lang='lat'>473.</span> <span class='ocrx_word' id='word_1_275' title='bbox 1430 3767 1474 3807; x_wconf 89' lang='lat' dir='ltr'>et</span> <span class='ocrx_word' id='word_1_276' title='bbox 1495 3775 1622 3823; x_wconf 87' lang='lat' dir='ltr'>seqq.</span> 
     </span>
    </p>
   </div>
  </div>
 </body>
</html>
