2320 4126
146 267 413 301 mmmuv.
497 247 743 298 Homerus
766 241 999 305 Miltono,
1027 258 1182 293 caecus
1206 257 1328 291 ooeoo
1354 246 1692 308 comparatum
1781 239 1887 288 243

149 401 249 457 det
292 416 464 473 super
506 396 630 470 ejus
673 394 866 469 capite
908 392 1069 467 lyra;
1115 395 1375 456 cavetur,
1405 407 1480 444 ne
1510 388 1727 443 frustra
1761 386 1884 461 pal-

146 495 337 571 pando
394 512 524 549 eam
576 497 830 565 quaerat3
894 494 1024 545 tum
1077 486 1274 552 etiam,
1325 485 1562 540 dimissa
1607 483 1668 538 in
1718 481 1888 538 ludos

149 590 443 655 concione,
495 605 687 645 caecus
732 585 920 642 Poeta
977 602 1113 640 cum
1170 582 1393 639 honore
1444 587 1505 636 et
1553 578 1743 656 gratia
1788 577 1889 634 de-

147 685 396 741 ducitur.
471 710 473 712 ·

232 779 504 853 Denique
534 797 608 834 ne
639 776 977 833 dubitemus
1007 774 1081 830 de
1110 774 1307 830 animo
1338 773 1463 847 ejus
1485 789 1624 846 erga
1644 769 1891 827 Numen

148 875 385 933 coeleste
432 874 734 939 submiSSO‚
779 872 1010 947 piaque,
1054 877 1123 927 ut
1169 871 1255 926 ita
1305 870 1513 936 dicam,
1558 866 1889 931 securitate,

149 973 371 1030 faciunt
413 991 500 1037 ea,
545 969 880 1026 dulcissima
923 986 1080 1035 sane,
1119 967 1330 1041 quibus
1373 966 1548 1023 docet
1591 963 1685 1021 vel
1728 963 1892 1029 caeci-

149 1077 334 1127 tatem
363 1066 839 1143 compensatione
870 1065 956 1121 vis
984 1063 1231 1139 poeticae
1260 1062 1464 1120 leniri-t

380 1211 455 1254 τὸν
473 1208 572 1266 περὶ
596 1206 737 1251 Μοῦσ’
762 1206 968 1264 ἐφίλησε,
991 1205 1111 1249 δίδου
1133 1203 1169 1248 δ’
1191 1204 1353 1262 ἀγαθόν
1373 1222 1419 1247 τε
1440 1206 1567 1248 κακόν
1587 1222 1649 1254 τε,

380 1281 619 1340 ὀφθαλμῶν
638 1279 715 1336 μὲν
735 1278 912 1336 ἄμερσε,
934 1277 1054 1321 δίδου
1075 1274 1112 1320 δ’
1134 1275 1278 1332 ἡδεῖαν
1297 1274 1458 1331 ἀοιδήν.

151 1413 494 1471 Praeclaram
524 1430 662 1470 sane
691 1410 913 1476 habent
950 1429 1022 1475 ea
1050 1428 1169 1465 non
1199 1409 1376 1466 modo
1406 1408 1646 1483 pietatis
1676 1406 1894 1482 signifi-

148 1512 460 1577 cationem,
519 1509 621 1565 sed
679 1514 741 1564 et
798 1506 1093 1563 comitatis
1150 1506 1349 1562 nescio
1406 1505 1587 1579 cujus,
1647 1510 1709 1560 et
1768 1503 1893 1578 ejus

147 1626 322 1683 quam
354 1606 550 1664 Graeci
592 1605 796 1661 dicunt
836 1602 1093 1672 εὐθυμίας,
1125 1602 1196 1659 ad
1230 1621 1468 1659 omnem
1500 1601 1635 1664 vitae
1671 1607 1893 1658 statum

146 1708 379 1781 paratae.

211 1799 416 1874 Atque
447 1799 507 1854 in
536 1798 647 1854 hac
677 1817 739 1854 re
770 1815 1211 1873 componamuS,
1237 1798 1284 1854 si
1314 1796 1526 1873 placet,
1560 1795 1895 1860 Homerum

149 1914 286 1952 cum
318 1893 581 1950 Miltono
612 1899 846 1949 nostro:
894 1894 994 1967 qui
1035 1912 1171 1950 cum
1214 1878 1400 1953 caecus
1439 1898 1501 1949 et
1544 1892 1669 1966 ipse
1700 1889 1894 1955 fuerit,

147 1997 212 2047 et
255 1990 581 2047 caecitatem
625 1988 979 2045 carminibus
1020 1988 1355 2044 leniendam
1389 1986 1765 2062 judicaverit,
1798 2004 1898 2041 ve-

149 2105 281 2142 reor
323 2104 399 2141 ne
450 2084 701 2141 caruerit
753 2084 1076 2140 Homerica
1120 2084 1223 2141 illa
1269 2084 1580 2150 suavitate,
1624 2082 1734 2138 etsi
1777 2100 1897 2136 non

150 2180 506 2256 negaverim,
544 2177 824 2234 cecinisse
868 2197 1004 2235 eum
1051 2179 1311 2235 carmina
1343 2179 1520 2255 plena
1553 2177 1898 2242 constantiae

150 2282 213 2332 et
243 2273 620 2335 severissimae
650 2270 1003 2350 religionisk,
1347 2257 1353 2264 ²

385 2400 487 2444 ὅταν
506 2399 547 2457 μ’
571 2398 734 2455 ὑπέλθῃ
755 2401 901 2458 φῶτοε
920 2399 1078 2458 ἵμερος,
1100 2401 1237 2458 μέσον

383 2473 485 2527 πρὶν
504 2474 616 2530 ἤμαρ
638 2471 783 2514 ἐλθεῖν
803 2471 848 2514 ἐν
869 2473 1011 2530 σκότῳ
1031 2474 1323 2525 πλανώμενον,

383 2542 609 2601 ἄλγιστον·
643 2540 762 2599 εἴπερ
785 2542 854 2585 καὶ
875 2544 1089 2600 τυφλοῖσι
1110 2543 1325 2598 δεσπότης

384 2615 538 2671 πικρὸς
556 2613 782 2670 πᾶρεστιν,
806 2614 912 2671 ἔργα
932 2612 968 2656 τ’
991 2614 1271 2671 εἷσπράσσει,
1295 2615 1418 2661 Θεός,

384 2684 483 2728 ἄλλ’
507 2685 642 2736 ἔστιν,
665 2684 754 2728 ἐστ’
777 2683 842 2742 ἄρ’
866 2685 911 2729 ἐν
930 2687 1085 2741 μυχοῖς
1105 2687 1276 2743 φρενῶν
1294 2688 1439 2743 λόγος,

384 2756 546 2814 ἀγαθός
564 2774 611 2799 τε
633 2756 806 2813 δαίμων·
829 2757 914 2808 εἶμι
930 2756 966 2800 δ’
987 2757 1214 2813 εὐθαρσὴς,
1238 2762 1346 2801 νοῶν

386 2829 462 2872 τὸν
482 2828 527 2872 ἐν
548 2829 741 2886 ζυγοῖσιν
761 2829 941 2885 οὐρανοῦ
961 2827 1208 2886 καθήμενον,

387 2899 490 2955 ἐμοῦ
511 2898 660 2948 δέοντά
678 2897 719 2956 γ’
741 2898 878 2950 οὐδὲν,
899 2899 1084 2956 αὐταρκῆ
1106 2900 1231 2942 Θεόν.

385 2971 470 3027 πρὸ
493 2969 529 3013 δ’
550 2968 639 3016 αὖτ’
659 2968 861 3018 Ἀνάκτος
880 2970 1031 3028 μυρίον
1049 2970 1164 3028 φάσι
1187 2970 1388 3027 στράτου,

386 3042 485 3087 τοὺς
503 3042 594 3098 μὲν,
615 3041 823 3086 πετέσθαι
842 3043 1002 3093 πολλὰ,
1023 3043 1262 3099 πυρφόρων
1283 3041 1416 3097 δικὴν,

387 3112 489 3164 ἅνω,
513 3113 640 3163 κάτω,
661 3115 755 3171 γῆν,
775 3115 948 3164 πόντον,
970 3113 1151 3171 οὐρανοῦ
1171 3114 1328 3157 πλάκα·

387 3184 485 3234 τοὺς
506 3182 543 3227 δ’
564 3182 633 3235 αὗ,
655 3186 879 3236 σεβόντας,
902 3184 947 3228 ἐν
966 3186 1084 3242 τόπῳ
1105 3185 1271 3241 μίμνειν
1291 3184 1371 3227 ἀεί.

155 3309 350 3376 Quam
402 3307 614 3364 vellem
666 3325 736 3363 eo
784 3314 989 3364 tenore
1036 3308 1265 3364 omnia!
1332 3327 1537 3364 verum
1589 3315 1652 3364 et
1702 3310 1763 3364 in
1809 3309 1899 3365 his

156 3403 367 3462 videtis
426 3402 633 3459 luctari
691 3403 1123 3476 quodammodo
1187 3403 1489 3460 hominem
1547 3423 1685 3461 cum
1742 3411 1899 3467 sorte

620 3561 645 3591 k
677 3562 837 3605 Sonnet
856 3563 944 3606 xiv.
1010 3563 1078 3605 On
1100 3563 1166 3605 his
1186 3563 1428 3608 Blindness.

984 3643 1083 3694 1³2
