2320 4126
266 251 422 285 PRAEL.
446 251 556 287 x1x.
708 232 908 302 aquo-soi
933 231 973 283 I
971 231 1114 293 Hm,
1140 231 1230 300 qui
1255 233 1450 284 mutari
1476 232 1662 301 nequit.
1917 233 2020 283 351

804 370 852 417 ὅς
872 370 908 415 τ’
931 369 1060 415 ἔπειτ’
1083 371 1186 429 ἔφυ,
1206 388 1305 428 τρι-

801 445 986 501 ακτῆρος
1005 440 1170 500 οἴχετ-αι
1190 440 1346 499 τύχων·

804 516 915 570 Ζῆνα
935 513 986 557 δέ
1003 532 1069 559 τις
1087 515 1348 571 προφρόνως
1368 513 1549 559 ἐπινικία
1568 511 1735 569 κλάζων

800 585 992 642 τεύξεται
1013 587 1185 644 φρενῶν
1199 586 1249 629 τὸ
1266 587 1365 630 πᾶν.

273 716 514 776 Videtis
561 714 656 792 agi
707 736 828 773 11011
879 717 953 774 de
1005 718 1247 774 diversis
1298 718 1562 792 ejusdem
1611 717 1727 774 Dei
1775 716 2032 793 appella-

269 813 550 878 tionibus,
610 812 712 868 sed
774 813 848 868 de
907 812 1150 869 diversis
1206 812 1382 888 plane
1441 812 1588 880 Diis,
1645 811 1829 868 immo
1875 812 2033 868 inter

270 927 334 965 se
379 909 798 984 pugnantibus.
886 908 1127 964 Nomen
1167 909 1325 982 quod
1365 909 1602 976 attinet,
1638 909 1808 964 initio
1854 908 2030 982 hujus

269 1004 543 1060 carminis
579 1011 783 1078 aperte
814 1003 1214 1060 declaraverat
1245 1002 1492 1071 ChoruS,
1522 1022 1585 1060 se
1619 1022 1739 1061 non
1769 1003 2030 1061 multum

275 1097 561 1155 laborare.

800 1196 917 1249 Ζεὺς,
939 1195 1063 1243 ὅστις
1081 1193 1176 1241 πότ’
1199 1196 1334 1250 ἐστιν,
1357 1214 1396 1241 κ.
1418 1215 1458 1242 τ.
1479 1196 1526 1242 λ.

269 1334 452 1403 Quasi
514 1335 732 1403 dicant,
798 1342 831 1367 ‘⁶
850 1335 1083 1402 Jovem‚
1142 1336 1478 1410 quicunque
1542 1335 1786 1391 tandem
1846 1335 1895 1391 is
1956 1336 2033 1392 sit

271 1449 448 1505 quem
501 1449 572 1487 eo
618 1429 860 1486 nomine
917 1428 1200 1485 delectari
1257 1427 1665 1503 intelligimus,
1719 1427 2033 1503 Optimum

269 1526 527 1582 eundem
584 1532 764 1600 atque
828 1523 1189 1590 Maximum,
1244 1522 1285 1579 J
1288 1540 1478 1589 ovem,
1539 1522 1798 1597 inquam,
1858 1523 2033 1580 unice

275 1619 620 1677 salutamus.
726 1618 963 1695 Quippe
1015 1625 1133 1676 stat
1182 1619 1433 1675 immota
1478 1618 1789 1685 sententia,
1841 1618 1902 1674 in
1961 1637 2033 1675 eo

273 1715 399 1773 solo
437 1735 603 1791 spem
644 1734 882 1772 omnem
919 1715 1095 1771 unice
1130 1713 1548 1789 reponendam.
1645 1713 1822 1780 Quod
1858 1713 1906 1769 si
1941 1713 2033 1770 vel

272 1816 547 1865 veterum
592 1808 842 1865 heroum
893 1806 1134 1864 annales
1181 1807 1276 1864 vel
1317 1807 1646 1864 recentium
1685 1807 2030 1863 memoriam

270 1904 556 1970 consulas,
609 1904 822 1980 frigida
869 1904 1137 1979 profecto
1189 1903 1378 1960 adibis
1425 1902 1679 1970 oracula,
1743 1901 1892 1958 nihil
1944 1920 2035 1958 re-

270 2017 552 2074 sponsura
581 2001 740 2076 quod
769 2001 891 2058 veri
923 2001 999 2057 sit
1028 2001 1214 2057 instar
1243 1999 1488 2057 solatii.''
1896 2000 1898 2003 ’

806 2157 893 2201 οὔδ’
917 2157 1041 2203 ὅστις
1059 2157 1265 2215 πάροιθεν
1283 2156 1335 2212 ἦν
1353 2156 1489 2215 μέγας

806 2229 1023 2289 παμμάχῳ
1045 2229 1200 2286 θράσει
1219 2227 1366 2286 βρύων

802 2300 928 2344 οὐδὲν
948 2300 1000 2344 ἂν
1018 2300 1158 2355 λέξαι,
1179 2301 1282 2357 πρὶν
1301 2299 1374 2344 ὧν·

810 2371 869 2416 ὅσ·
889 2379 928 2416 τ’
948 2370 1077 2416 ἐπεῖτ’
1100 2373 1203 2429 ἔφυ,
1224 2390 1324 2428 τρι-

802 2445 984 2500 ακτῆρος
1003 2442 1166 2501 οἴχεται
1187 2442 1343 2500 τ-ὖχων.

271 2593 302 2617 “
334 2584 633 2653 Quorsum
670 2585 829 2640 enim
869 2591 1075 2659 petere
1104 2585 1179 2642 ab
1210 2585 1280 2644 iis
1309 2583 1616 2652 auxilium,
1662 2585 1763 2660 qui
1794 2586 1855 2641 in
1885 2585 2035 2642 nihi-

268 2680 395 2737 lum
424 2680 534 2755 ipsi
565 2688 926 2738 evanuerant
947 2680 1014 2738 2”

808 2822 919 2878 Ζῆνα
940 2821 987 2865 δὲ
1008 2840 1047 2865 κ.
1069 2840 1110 2866 τ.
1131 2824 1177 2865 λ.

268 2947 302 2974 “
327 2940 502 2999 Solus
547 2940 649 2998 ille
694 2942 885 2999 victor
930 2943 1154 2999 nemini
1196 2959 1458 3019 unquam
1496 2944 1819 3002 vincendus
1863 2944 2031 3001 humi

270 3043 513 3104 sternet,
586 3036 770 3093 alium
835 3056 1009 3113 super
1079 3038 1211 3105 alic,
1279 3059 1486 3115 regum
1552 3048 1733 3114 atque
1795 3040 2030 3107 ducum,

269 3133 453 3189 immo
494 3140 556 3189 et
595 3132 1098 3208 philosophorum,
1138 3135 1352 3209 apices.
1440 3134 1649 3208 quue
1687 3135 2034 3209 prudentior

270 3228 484 3285 evadet
520 3229 787 3302 quisque,
828 3245 945 3302 quo
991 3229 1295 3285 lubentius
1334 3229 1580 3285 accedet
1627 3228 2033 3286 celebraturus

270 3324 581 3380 victoriam
627 3319 812 3390 Jovis',
860 3343 1094 3398 quoque
1129 3324 1415 3399 integrius
1456 3342 1538 3380 ser
1561 3330 1757 3380 totum
1798 3324 2034 3380 addicet

271 3434 391 3474 non
454 3418 765 3475 hominum
838 3418 1086 3493 alicujus
1159 3418 1261 3475 sed
1336 3418 1451 3474 Dei
1519 3418 1794 3493 Supremi
1855 3420 2036 3494 parti-

271 3513 431 3570 bus.”
547 3512 783 3570 Vocem
845 3531 984 3568 sane
1049 3514 1226 3588 adyto
1293 3513 1715 3588 dignissimam,
1782 3533 2030 3588 quaeque
