2320 4126
415 263 525 316 118
698 264 948 331 Achilles,
975 266 1203 319 amioum
1223 266 1415 336 libyam,
1441 265 1503 318 de
1527 284 1575 317 se
1599 266 1877 318 ominatur.
1919 285 2080 320 PRAEL.
2102 285 2218 318 vm.

416 410 727 471 Videlicet
779 413 963 471 etiam
1019 413 1338 471 somnianti
1390 411 1661 479 recurrit,
1716 418 2002 488 tanquam
2052 412 2220 470 nefas

411 518 476 569 et
534 510 769 589 insigne
819 511 1143 588 piaculum,
1199 531 1263 569 se
1321 531 1441 568 non
1495 511 1616 567 vivi
1677 512 1780 569 sed
1841 512 2066 569 mortui
2119 513 2215 571 vel
2296 498 2298 500 V

410 609 579 668 brevi
610 610 759 669 hora
787 610 972 669 fuisse
1002 611 1443 667 immemorem.
1520 609 1699 678 Quod
1732 618 1942 667 contra
1973 611 2218 668 omnino

412 707 506 766 his
555 709 659 785 qui
706 728 869 766 nunc
922 714 1065 766 sunt
1117 707 1464 766 hominibus
1525 727 1636 765 usu
1690 707 1889 765 venire
1947 707 2219 783 quotidie

413 808 734 866 cernimus.
796 807 1175 883 Jampridem
1214 807 1377 863 enim
1409 826 1482 863 eo
1518 805 1790 864 mollitiae
1820 813 2072 864 ventum
2107 814 2216 876 est,

411 912 483 963 ut
527 907 630 964 vix
679 907 998 965 ferendum
1037 905 1330 974 videatur,
1373 925 1494 964 uno
1543 914 1728 982 atque
1771 904 1963 964 altero
2008 925 2216 965 mense

412 1010 666 1073 vestem,
697 1005 953 1063 mortuis
997 1004 1221 1073 amicis,
1251 1010 1512 1062 mutare.
1602 1003 1901 1073 Quocirca
1940 1024 2060 1062 non
2103 1006 2218 1064 erit

413 1103 777 1173 mirandum,
807 1104 1018 1181 inepta
1046 1103 1276 1174 haberi,
1300 1103 1393 1161 his
1414 1102 1740 1180 judicibus,
1767 1122 1898 1179 quae
1928 1103 2216 1164 curiosius

411 1204 766 1280 exsequitur
795 1203 1106 1262 Homerus
1146 1203 1222 1261 de
1263 1202 1495 1261 solenni
1533 1201 1682 1260 fletu
1717 1201 2207 1280 Myrmidonum3

409 1303 486 1361 de
533 1322 680 1381 rogo
729 1309 1060 1371 exstructO,
1104 1303 1404 1371 dedicat0,
1452 1302 1735 1370 incenso3
1783 1301 1859 1359 de
1899 1302 2213 1379 epularum

406 1399 810 1476 ludorumque
842 1400 1096 1457 ratione.
1189 1398 1448 1476 Semper
1489 1406 1693 1456 tamen
1732 1397 2055 1456 nonnullos
2087 1398 2214 1457 fore

407 1500 783 1568 crediderim,
821 1499 1040 1576 quibus
1094 1518 1166 1557 ea
1210 1498 1388 1557 valde
1432 1497 1800 1575 placebunt;
1846 1517 1968 1555 non
2015 1496 2212 1555 solum

405 1599 787 1676 antiquitatis
861 1597 1079 1667 colore,
1155 1618 1275 1676 quo
1347 1599 1597 1674 quidem
1667 1597 2011 1675 gratissimo
2082 1605 2214 1655 tota

406 1699 576 1776 quasi
634 1697 846 1757 tabula
903 1698 1216 1767 imbuitur,
1270 1717 1483 1755 verum
1545 1697 1730 1755 etiam
1792 1697 2075 1774 quoniam
2136 1697 2211 1755 ad

404 1805 685 1857 naturam
718 1803 782 1856 et
811 1798 888 1856 ad
917 1797 1365 1855 humanitatem
1398 1816 1470 1854 ea
1499 1797 1776 1874 proxime
1805 1797 2122 1855 accedunt.

520 1896 701 1968 Quid,
760 1896 924 1974 quod
984 1915 1119 1955 suas
1149 1897 1305 1973 ,ipse
1368 1895 1816 1973 quodammodo
1876 1896 2210 1972 exsequiaS,

401 2017 524 2055 una
569 2015 710 2055 cum
763 1996 1067 2073 exsequiis
1115 1996 1312 2067 amici,
1358 2014 1623 2073 praesaga
1666 2002 1893 2066 mente,
1943 1995 2210 2054 celebrat

403 2094 721 2155 Achilles?
775 2115 895 2172 quo
941 2096 1190 2172 quidem
1243 2095 1475 2173 reliqua
1518 2095 1786 2172 pertinet
1831 2094 2059 2154 umbrae
2104 2115 2211 2174 per

402 2195 706 2255 somnium
736 2196 876 2254 visae
907 2195 1118 2253 orati0.

1135 2311 1145 2322 .
1182 2312 1192 2321 .
1231 2311 1241 2322 .
1278 2275 1406 2322 Ἀλλ’
1430 2277 1506 2334 ἐμὲ
1526 2277 1607 2335 μὲν
1629 2277 1723 2336 Κὴρ

659 2350 890 2411 ἀμφέχανε
911 2349 1121 2409 στυγερή,
1144 2350 1254 2409 ἥπερ
1275 2351 1391 2409 λάχε
1411 2352 1663 2410 γεινόμενόν
1682 2369 1781 2410 περ.

658 2426 731 2470 καί
750 2425 802 2471 δέ
821 2444 896 2472 σοι
917 2426 1034 2487 αὐτῷ
1054 2427 1201 2484 μοῖρα,
1225 2425 1341 2471 θεοῖς
1362 2424 1564 2471 ἐπιείκελ’
1587 2424 1817 2485 Ἀχιλλεῦ,

658 2500 795 2559 τείχει
815 2500 901 2545 ὑπὸ
921 2500 1082 2559 Τρώων
1102 2499 1339 2559 εὐηγενέων
1359 2499 1624 2545 ἀπολέσθαι.

657 2574 773 2619 ἀλλὸ
796 2574 848 2619 δέ
865 2593 933 2620 τοι
954 2574 1062 2633 ἕρεω
1084 2574 1154 2619 καὶ
1176 2573 1417 2634 ἐφήσομαι,
1439 2573 1532 2619 α’ίκε
1551 2574 1720 2632 πίθηαι·

657 2649 716 2707 μὴ
741 2648 822 2707 ἐμὰ
842 2653 930 2694 τῶν
949 2647 1163 2694 ἀπάνευθε
1183 2647 1406 2707 τιθήμεναι
1427 2647 1567 2703 ὀστέ’,
1588 2648 1819 2707 Ἀχιλλεῦ·

659 2722 761 2768 ἀλλ’
785 2725 910 2782 ὁμοῦ,
933 2723 992 2769 ὡς
1011 2721 1262 2782 ἐτράφημεν
1283 2722 1329 2769 ἐν
1349 2723 1600 2782 ὑμετέροισι
1623 2723 1840 2782 δόμοισιν,

659 2796 759 2843 εὖτέ
774 2816 829 2856 με
848 2796 1008 2843 τῦτθον
1029 2798 1156 2843 ἕοντα
1177 2798 1407 2844 Μενοίτιος
1428 2797 1478 2854 ἐξ
1497 2797 1735 2844 Ὀπόεντος

654 2875 818 2932 ἤγαγεν
837 2870 1103 2929 ὑμέτερόνδ’,
1126 2871 1443 2930 ἀνδροκτασίης
1462 2872 1548 2917 ὑπὸ
1569 2873 1752 2931 λυγρῆς,

654 2948 785 3004 ἤματι
806 2964 883 3007 τῳ,
907 2944 980 2991 ὅτε
1000 2946 1135 2991 παῖδα
1158 2945 1416 2992 κατέκτανον
1435 2945 1806 3005 Ἀμφιδάμαντος,

653 3018 819 3076 νήπιος,
841 3020 919 3065 οὐκ
941 3019 1121 3073 ἐθέλων,
1145 3007 1256 3079 ἄμφ’
1278 3019 1608 3080 άστραγαλοίσι
1628 3018 1860 3079 χολωθείς·

653 3094 758 3139 ἔνθα
776 3113 831 3152 με
852 3094 1085 3153 δεξάμενος
1105 3094 1152 3139 ἐν
1173 3095 1372 3152 δώμασιν
1392 3094 1556 3140 ἵπποτα
1576 3093 1752 3151 Πηλεὺς

653 3167 821 3226 ἕτραφε
842 3165 878 3211 τ’
902 3165 1123 3219 ἐνδυκέως,
1147 3167 1218 3210 καὶ
1240 3168 1324 3212 σὸν
1345 3166 1571 3225 θεράποντ’
1594 3168 1815 3225 ὀνόμηνεν·

654 3240 711 3285 ὣς
732 3239 781 3283 δέ
802 3239 873 3284 καὶ
894 3238 1031 3285 ὅστεα
1052 3243 1151 3284 νῶἶν
1172 3239 1255 3297 ὁμὴ
1278 3241 1414 3298 σορὸς
1434 3239 1781 3299 ἀμφικαλύπτοι,

652 3312 845 3373 χρύσεος
865 3311 1161 3372 ἀμφιφορεύς,
1184 3315 1262 3358 τόν
1281 3332 1349 3358 τοι
1369 3315 1481 3372 πόρε
1500 3316 1659 3359 πότνια
1677 3316 1835 3373 μήτηρ.

395 3403 619 3480 Neque
649 3411 814 3470 aliud
836 3409 1098 3469 Achillis
1128 3410 1314 3487 ipsius
1344 3411 1528 3469 verba
1558 3407 1935 3469 declarantd:

635 3528 772 3574 ὅστεα
793 3529 1073 3587 Πατρόκλοιο
1095 3527 1387 3572 Μενοιτιάδαο
1407 3527 1622 3587 λέγωμεν·
1661 3561 1860 3572 .....

639 3637 648 3646 .
686 3636 696 3646 .
733 3636 743 3647 .
778 3603 848 3647 καὶ
869 3602 923 3647 τὰ
943 3601 1024 3659 μὲν
1045 3601 1093 3647 ἐν
1112 3601 1284 3660 χρυσέῃ
1306 3602 1449 3661 φιάλῃ
1473 3602 1543 3646 καὶ
1565 3602 1744 3646 δίπλακι
1767 3601 1890 3660 δημῷ

633 3676 820 3735 θείομεν,
844 3676 1016 3722 εἰσόκεν
1038 3676 1169 3722 αὐτὸς
1189 3675 1302 3735 ἐγὼν
1321 3673 1438 3720 Ἀΐδι
1460 3675 1690 3733 κεύθωμαι·

1096 3763 1113 3789 ‘¹
1147 3763 1202 3808 Il.
1227 3763 1349 3809 xxiii.
1376 3777 1479 3822 239.
