2320 4126
205 268 359 300 PRAEL.
380 266 468 298 xv,
525 245 704 297 Edicta·
728 244 1012 295 Horatiam
1037 260 1269 312 quoenam
1295 260 1416 294 vera
1440 244 1509 294 sit
1532 243 1623 303 vis.
1847 245 1955 295 255

205 391 435 455 candOS,
465 407 622 444 nunc
652 406 727 442 ne
759 384 911 442 desit
952 403 1085 458 quae
1117 389 1338 457 quaerat
1378 383 1440 438 in
1471 401 1651 458 specu
1681 382 1955 450 latebras,

203 487 302 543 ubi
334 485 471 541 sat-is
500 490 633 539 tuto
663 482 992 539 condantur
1021 479 1249 555 Ulyssis
1279 478 1460 554 opes?
1534 477 1742 553 Atque
1773 479 1954 535 etiam

204 582 456 656 quodam
499 580 555 634 in
596 578 726 635 loco
773 577 919 633 nihil
961 595 1023 633 se
1061 577 1370 651 indignum
1410 575 1728 631 admittere
1762 581 1954 648 putat,

203 676 358 751 quod
398 675 679 731 terminos
720 680 890 730 notet
928 673 1088 739 disci,
1124 672 1198 728 ab
1240 671 1454 747 Ulysse
1484 672 1636 728 forte
1670 671 1837 746 jacti,
1868 671 1958 746 ip-

203 790 449 846 sumque
477 769 800 845 proclamet
830 768 1007 844 longo
1038 767 1349 824 intervallo
1385 768 1667 824 victorem
1687 776 1731 823 Ρ.

433 904 508 946 τόν
527 900 582 958 ῥα
601 899 904 958 περιστρέψας
923 898 998 955 ἧκε
1020 901 1231 956 στιβαρῆς
1251 899 1336 942 ἀπὸ
1356 901 1517 957 χειρός’

432 975 660 1028 βόμβησεν
681 972 728 1015 δέ
748 971 886 1016 λίθος·
921 971 1028 1014 κατὰ
1049 970 1087 1014 δ’
1111 971 1297 1027 ἔπτηξαν
1316 972 1417 1014 ποτὶ
1438 971 1539 1029 γαίῃ

435 1045 612 1100 Φαίηκες
633 1042 951 1102 δολιχήρετμοι,
975 1041 1251 1087 ναυσίκλυτοι
1273 1042 1438 1101 ἄνδρες,

434 1120 540 1163 λᾶος
559 1118 640 1160 ὑπὸ
662 1117 801 1175 ῥιπῆς·
836 1119 859 1159 ὁ
881 1116 916 1160 δ’
939 1116 1186 1173 ὑπέρπτατο
1208 1114 1380 1172 σήματα
1400 1116 1539 1159 πάντα

433 1188 575 1246 ῥίμφα
596 1187 705 1232 θέων
724 1187 807 1230 ἀπὸ
828 1189 987 1244 χειρός·
1021 1186 1143 1242 ἔθηκε
1165 1186 1211 1229 δὲ
1232 1185 1402 1244 τέρματ’
1425 1185 1583 1242 Ἀθήνη

433 1259 555 1316 ἀνδρὶ
577 1258 706 1314 δέμας
726 1258 872 1302 εἰκυῖα·
905 1259 1008 1303 ἕπος
1028 1256 1062 1301 τ’
1085 1256 1227 1314 ἔφατ’,
1250 1257 1296 1300 ἐκ
1316 1257 1352 1301 τ’
1374 1259 1592 1314 ὀνόμαζεν·

436 1331 504 1373 καί
525 1330 559 1373 κ’
582 1330 715 1374 ἀλαός
736 1348 816 1381 τοι,
839 1332 965 1386 ξεῖνε,
987 1330 1212 1388 διακρίνειε
1233 1331 1282 1373 τὸ
1306 1332 1424 1386 σῆμα

432 1402 694 1459 ἀμφαφόων·
729 1401 820 1444 ἐπεὶ
843 1404 934 1445 οὔτι
953 1401 1214 1459 μεμιγμένον
1234 1402 1356 1446 ε’στὶν
1377 1402 1529 1459 ὁμίλῳ,

433 1473 549 1516 ἀλλὰ
567 1474 682 1517 πολὺ
701 1478 885 1531 πρῶτον·
921 1474 978 1518 σὺ
999 1474 1046 1517 δέ
1069 1474 1238 1531 θάρσει,
1261 1474 1384 1518 τόνδε
1404 1473 1444 1531 γ’
1467 1474 1639 1517 ἄεθλον*

434 1544 550 1591 οὔτις
571 1545 763 1602 Φαιήκων
782 1546 896 1604 τόνγ’
919 1544 1068 1603 ἵξεται,
1091 1545 1180 1589 οὐδ’
1202 1545 1424 1607 ὑπερήσει.

434 1618 490 1662 ὣς
510 1619 640 1675 φάτο·
672 1617 864 1685 γήθησεν
884 1619 931 1661 δέ
951 1617 1173 1663 πολύτλας
1194 1619 1284 1665 δῖος
1302 1616 1562 1669 Ὀδυσσεύς,

432 1690 594 1748 χαίρων
614 1689 751 1748 οὕνεχ’
775 1691 945 1747 ἑταῖρον
965 1690 1086 1746 ἐνηέα
1106 1690 1262 1735 λεῦσσ’
1287 1691 1332 1734 ἐν
1347 1690 1493 1748 ἀγῶνι.

199 1811 479 1868 Alacrem
510 1813 776 1888 profecto
806 1833 928 1888 prae
961 1832 1022 1870 se
1052 1813 1169 1870 fert
1199 1820 1260 1869 et
1300 1820 1593 1870 arrectum
1626 1830 1764 1888 erga
1795 1810 1957 1868 Deos

200 1908 563 1965 immortales
602 1910 900 1977 animum3
956 1910 1174 1984 quique
1218 1909 1690 1966 constantissime
1735 1915 1955 1973 teneat,

200 2024 395 2061 coram
446 2005 516 2061 iis
560 2005 654 2062 vel
705 2005 1010 2061 minimam
1060 2024 1353 2080 quamque
1410 2024 1532 2062 rem
1593 2006 1687 2080 agi
1713 2023 1725 2061 :
1799 2003 1957 2078 quod

200 2101 377 2175 siquis
407 2120 506 2157 eos
536 2102 688 2158 bene
718 2102 980 2177 plac-atos
1011 2101 1272 2158 effecerit
1301 2102 1525 2176 pietate
1556 2120 1663 2158 sua
1691 2108 1753 2158 et
1793 2119 1959 2157 sanc-

199 2197 390 2264 titate,
447 2204 856 2272 prospecturos
915 2216 1015 2254 eos
1072 2199 1198 2272 ejus
1256 2199 1588 2266 commodO,
1649 2199 1829 2255 etiam
1893 2198 1956 2252 in

199 2293 427 2369 exiguis
468 2293 543 2372 :et
598 2294 1010 2350 communibus
1059 2296 1194 2350 vitae
1237 2295 1525 2371 negotiis:
1600 2301 1746 2361 tum,
1799 2293 1956 2368 quod

198 2388 382 2446 instar
421 2390 685 2446 omnium
731 2397 838 2456 est,
886 2391 1133 2465 prodere
1177 2410 1238 2447 se
1281 2397 1598 2466 praesentes
1642 2390 1958 2465 aliquando

198 2485 447 2543 fortibus
504 2493 681 2560 atque
734 2486 902 2542 bonis
951 2487 1100 2553 viriS,
1154 2506 1259 2561 per
1309 2487 1526 2550 indicia
1574 2487 1806 2543 minuta
1856 2486 1959 2542 illa

199 2582 456 2656 quidem,
487 2583 588 2638 sed
619 2588 820 2637 tamen
850 2582 990 2656 ipsis
1024 2583 1269 2638 minime
1300 2582 1563 2638 obscura.

269 2676 574 2744 Quocirca,
607 2677 653 2733 si
686 2676 1019 2739 Homerum
1050 2678 1377 2744 audiemus,
1398 2677 1491 2734 vel
1522 2678 1597 2734 ad
1629 2678 1955 2752 Epicureos

198 2772 398 2828 hortos
436 2771 819 2847 relegandum
860 2772 971 2828 erit
1012 2773 1238 2829 dictum
1279 2772 1428 2830 illud
1463 2773 1719 2841 Horatii,
1751 2773 1958 2848 volup-

200 2869 337 2924 tarii
382 2868 608 2924 scilicet
645 2868 750 2925 viri
794 2874 855 2924 et
900 2868 1097 2925 divina
1136 2870 1499 2944 spernentis3
1546 2869 1641 2925 vel
1670 2876 1832 2926 certe
1871 2870 1958 2926 ita

198 2965 540 3030 tenendum,
589 2970 657 3020 ut
715 2963 862 3019 nihil
915 2965 1136 3039 absque
1188 2965 1319 3022 Diis
1366 2967 1461 3041 agi
1508 2972 1771 3041 putetur,
1816 2965 1956 3040 ipsis

199 3060 439 3133 quidem
471 3065 539 3114 ut
583 3058 905 3133 plurimum
951 3061 1303 3128 tacentibus,
1347 3069 1408 3119 et
1449 3062 1613 3136 quasi
1656 3081 1762 3136 per
1798 3069 1957 3118 tran-

199 3173 440 3211 sennam
497 3155 675 3211 modo
727 3156 880 3215 visis,
971 3155 1180 3219 Nolim
1241 3157 1394 3219 forte
1453 3157 1728 3231 quadam,
1779 3157 1956 3214 rebus

201 3250 497 3316 involutiS,
540 3252 914 3326 superveniat
956 3253 1197 3327 Jupiter
1233 3253 1443 3328 aliquis
1478 3260 1582 3309 aut
1626 3252 1953 3309 Hercules:

202 3346 361 3401 idem
405 3346 451 3402 si
493 3347 676 3404 totius
711 3347 922 3404 fabulae
963 3349 1211 3405 decursu
1256 3368 1490 3406 sensum
1535 3350 1828 3423 quendam
1864 3349 1954 3405 sui

202 3440 471 3515 praebeat,
521 3449 800 3517 tanquam
853 3463 969 3500 non
1021 3445 1223 3518 procul
1272 3446 1423 3503 absit
1475 3466 1509 3503 a
1552 3447 1806 3523 negotiis
1850 3446 1955 3502 ho-

887 3590 910 3619 P
943 3583 1033 3627 od.
1056 3584 1145 3628 viii.
1175 3585 1272 3641 189.
