2320 4126
191 281 347 315 PRAEI..
374 279 486 312 x111.
544 261 760 313 Summa
787 258 1079 310 Homericae
1104 257 1166 309 de
1190 255 1358 326 repub.
1384 257 1654 308 sententiae.
1837 255 1948 312 219

194 403 418 458 Mirum
448 403 508 458 ni
545 422 615 459 ea
649 402 984 479 legentibus
1014 400 1212 462 veniat
1243 399 1558 480 aliquando
1587 399 1648 455 in
1678 404 1944 455 mentem

194 499 506 575 Virgiliani
538 499 714 566 illius,

430 666 763 680 ............
782 633 877 676 Illic
900 633 1038 676 saltus
1060 638 1102 676 et
1122 632 1265 680 lustra
1284 631 1495 683 ferarum,

427 706 487 749 Et
507 706 679 762 patiens
701 720 902 762 operum,
923 720 1149 763 parvoque
1171 711 1346 748 assueta
1359 705 1590 762 juventus,

428 777 562 821 Sacra
583 778 748 829 Deum,
772 778 1000 835 sanctique
1023 778 1175 821 Patres
1193 794 1202 820 :
1236 783 1433 820 extrema
1452 791 1531 834 per
1551 776 1649 823 illos

422 850 451 893 J
455 849 606 893 ustitia
626 849 841 893 excedens
863 850 990 892 terris
1011 849 1197 906 vestigia
1216 849 1333 892 fecit.

194 981 408 1055 Neque
439 998 577 1036 vero
622 998 697 1036 ex
738 979 859 1036 ulla
899 986 1065 1054 parte
1101 979 1339 1054 propius
1378 978 1634 1035 invicem
1665 979 1946 1036 accedere

192 1076 440 1132 dixerim
461 1076 659 1133 Graiae
680 1076 1080 1151 Romanaeque
1101 1075 1355 1133 Poeseos
1380 1077 1694 1134 antistites,
1739 1077 1946 1135 Verbo

194 1173 421 1230 dicam:
468 1174 567 1248 qui
613 1174 842 1249 scripsit
884 1173 1190 1248 Georgica,
1221 1192 1460 1229 necesse
1501 1179 1590 1230 est
1632 1173 1946 1248 aliquando

193 1288 328 1325 cum
371 1269 621 1326 Eumaeo
665 1269 860 1344 aliquo
898 1264 1130 1326 viiierit.
1220 1267 1452 1326 Verum
1495 1269 1570 1327 ad
1611 1269 1944 1327 Homerum

192 1366 533 1433 redeamus3
580 1385 756 1440 quem
787 1384 908 1431 nOS,
939 1364 1277 1439 hujusmodi
1318 1366 1644 1423 rationibus
1684 1367 1944 1435 adducti,

191 1461 534 1535 conjicimus
565 1461 787 1517 labanti
819 1460 1088 1517 Heroum
1122 1461 1446 1536 disciplinae
1478 1469 1781 1537 utcunque
1818 1481 1949 1520 suc-

191 1576 424 1614 currere
457 1557 727 1614 voluisse.

259 1649 432 1708 'Illud
463 1653 744 1710 clausulae
774 1653 905 1709 loco
936 1654 1244 1729 adjiciam3
1289 1654 1385 1728 qui
1429 1653 1490 1709 in
1525 1653 1826 1730 Odysseia,
1857 1655 1946 1711 uti

193 1748 436 1817 vidistis,
479 1748 642 1806 nulla
681 1750 902 1806 virtute
945 1770 1152 1825 procos
1195 1750 1405 1807 redimi
1447 1750 1654 1819 voluit,
1682 1752 1842 1808 idem
1885 1752 1948 1808 in

191 1844 377 1901 Iliade
435 1853 558 1902 tam
615 1845 998 1920 Trojanorum
1072 1866 1246 1922 quam
1321 1846 1634 1904 Graiorum
1706 1866 1946 1905 suorum

192 1960 468 2015 personas
519 1961 593 1998 ex
642 1942 810 1998 bonis
855 1943 1142 2018 malisque
1193 1944 1527 2018 aequissime
1574 1947 1946 2019 temperavit.

195 2037 336 2094 Non
395 2038 520 2094 sine
578 2057 768 2106 causa,
827 2040 973 2095 mihi
1032 2040 1274 2108 credite,
1328 2047 1449 2096 tam
1510 2041 1598 2097 sui
1652 2041 1948 2099 dissimilis

192 2134 510 2191 invenitur.
598 2135 820 2203 Quidni
851 2155 991 2212 ergo
1022 2137 1354 2202 statuimUS,
1388 2136 1636 2194 Poetam
1668 2138 1766 2195 hic
1797 2138 1948 2195 sedi-

193 2231 374 2287 tiosos
420 2231 482 2286 in
527 2231 852 2306 republica
878 2220 1288 2310 perstringere,
1340 2234 1463 2290 illic
1522 2235 1824 2292 communi
1885 2242 1948 2292 et

194 2333 401 2402 aperto
430 2326 587 2383 hosti
619 2327 851 2385 debitas
880 2335 949 2385 ut
977 2330 1046 2385 fit
1077 2331 1338 2388 tribuere
1368 2330 1611 2388 laudes?

277 2518 547 2587 HabetiS,
581 2519 944 2590 Academici,
976 2544 1106 2599 quae
1146 2525 1208 2581 in
1242 2524 1355 2582 hac
1395 2526 1727 2600 quaestione
1770 2524 1948 2582 hodie

194 2614 547 2689 disputanda
591 2617 738 2672 mihi
796 2619 920 2675 visa
977 2626 1134 2677 sunt.
1254 2620 1349 2677 Ex
1408 2621 1620 2695 quibus
1678 2621 1947 2688 efficitur,

191 2711 479 2784 probabili
539 2719 700 2768 certe
757 2713 1001 2782 ratione,
1057 2735 1298 2790 sponsos
1357 2716 1686 2792 Penelopes
1743 2737 1948 2774 eorum

192 2825 501 2881 personam
560 2807 728 2875 ferre,
778 2811 878 2883 qui
937 2830 998 2868 se
1055 2812 1182 2869 istis
1240 2813 1604 2888 temporibus
1661 2833 1948 2870 novarum

192 2922 387 2959 rerum
433 2904 674 2978 cupidos
717 2913 1129 2975 monstrarent,
1170 2907 1440 2965 Heroum
1485 2929 1553 2967 ac
1596 2910 1946 2987 religionum

194 3005 648 3074 contemptores,
748 3001 940 3076 Ipsius
991 3012 1193 3060 autem
1246 3004 1454 3062 Poetae
1505 3007 1759 3064 vidimus
1810 3026 1949 3064 eum

193 3113 426 3167 prorsus
457 3095 637 3151 fuisse
667 3096 953 3168 animum,
984 3106 1053 3155 ut
1082 3101 1326 3176 antiqua
1353 3101 1661 3170 hesternis,
1691 3103 1950 3177 profanis

195 3196 579 3257 sacrosancta,
611 3191 772 3267 vulgi
813 3192 1166 3252 clamoribus
1209 3196 1564 3271 dignitatem
1601 3197 1812 3271 optimi
1849 3216 1949 3253 cu-

185 3284 402 3357 jusque
459 3285 624 3342 nullo
681 3306 800 3344 non
857 3295 1126 3365 tempore
1184 3292 1631 3348 anteferendam
1689 3299 1946 3367 putaret.

197 3378 411 3453 Itaque
440 3399 532 3437 res
561 3399 631 3436 eo
661 3383 831 3450 redit,
863 3404 980 3458 quo
1011 3385 1163 3442 solet
1198 3387 1388 3443 redire
1421 3388 1611 3445 omnis
1645 3397 1845 3447 nostra
1874 3391 1949 3447 de

200 3472 532 3532 Homericis
590 3482 1059 3552 argumentatio:
1133 3489 1201 3538 ut
1273 3484 1550 3541 certiores
1621 3486 1948 3543 identidem

197 3568 419 3638 fiamus,
454 3571 667 3629 Poesin
708 3574 833 3648 ejus
872 3576 1019 3632 nihil
1063 3577 1222 3635 aliud
1259 3598 1451 3656 agere,
1483 3580 1593 3638 nisi
1624 3588 1692 3638 ut
1728 3581 1950 3656 aliqua-
