2320 4126
402 219 512 274 106
841 223 957 289 Qua
981 232 1141 276 mente
1168 224 1325 278 lateat
1350 225 1445 277 diu
1471 224 1701 278 Achilles
1721 247 1738 277 .·
1910 245 2070 280 PRAEL.
2089 247 2203 280 vm.

400 387 521 444 que
581 374 645 425 et
710 368 975 445 ingenio,
1042 369 1129 426 ita
1186 375 1395 427 tamen
1455 369 1821 446 compositiS,
1883 377 1954 428 ut
2013 372 2206 449 magis

401 466 730 543 magisque,
791 467 1241 542 comparatione
1303 467 1482 535 facta,
1542 468 1810 526 emineat
1875 475 1939 525 et
2003 476 2207 527 exstet

403 563 695 621 Achilles.
797 563 1035 633 Quibus
1095 564 1405 631 absolutis,
1458 565 1536 622 ad
1595 565 1714 623 alia
1772 567 2206 624 transeundum

401 664 534 732 erit,
572 683 680 739 per
716 683 848 739 quae
894 664 1229 721 certissime
1272 662 1561 721 declarari
1608 665 1806 723 solent
1850 685 2207 744 magnorum

403 763 731 820 Poetarum
764 762 965 819 studia
995 768 1058 819 et
1089 761 1453 820 voluntates.

490 862 702 939 Igitur,
734 868 804 918 ut
841 861 918 918 ab
961 879 1033 918 ea
1073 868 1245 936 parte
1288 861 1593 938 incipiam,
1625 881 1744 938 qua
1782 861 1934 919 mihi
1974 881 2212 940 semper

403 961 564 1019 visus
605 967 698 1017 est
730 958 1039 1017 Homerus
1083 978 1147 1016 se
1187 979 1429 1036 quoque
1473 961 1672 1037 ipsum
1714 960 1964 1019 consilio
2006 981 2212 1038 super-

401 1076 565 1116 asse:
615 1063 762 1114 nota
795 1057 928 1133 jam
968 1076 1064 1114 res
1105 1063 1199 1115 est
1243 1057 1518 1134 pluribus
1563 1058 1877 1135 exempliS,
1916 1067 2211 1135 quantum

334 1140 342 1145 .‚
403 1155 602 1214 valeat
626 1156 701 1226 ad
721 1155 957 1214 animos
974 1175 1097 1232 quo
1115 1155 1250 1232 quis
1270 1155 1421 1213 velit
1443 1156 1729 1234 agendOS,
1749 1164 1820 1214 ut
1840 1156 2211 1233 aliquamdiu

402 1274 690 1331 suspensa
730 1260 1015 1312 teneatur
1060 1255 1427 1331 expectatiO,
1470 1253 1704 1312 latente
1741 1256 2210 1331 quodammodo,

400 1358 467 1410 et
526 1353 697 1428 quasi
759 1372 867 1429 per
937 1360 1327 1411 transennam
1398 1360 1644 1430 aspecto
1713 1373 1803 1421 eo,
1864 1353 1962 1411 cui
2021 1354 2212 1412 totius

405 1449 650 1508 Fabulae
715 1451 1012 1528 primariae
1078 1458 1279 1528 partes
1339 1452 1737 1529 assignentur.
1859 1451 2063 1528 Hujus
2125 1452 2211 1509 rei

404 1547 527 1604 vim
572 1549 803 1624 optime
849 1548 1111 1606 callebat
1163 1548 1648 1627 elegantissimus
1695 1549 1800 1608 ille
1853 1556 2211 1618 nostratum,

402 1645 785 1722 Spenserus:
868 1647 972 1723 qui
1039 1654 1363 1723 postquam
1430 1649 1591 1724 apud
1666 1666 1731 1705 se
1806 1649 2214 1726 excogitasset

403 1742 723 1814 Arturum,
783 1746 1125 1822 perfectum
1183 1747 1557 1829 magnanimi
1616 1746 1816 1805 herois
1882 1747 2212 1824 exemplar,

401 1843 488 1900 ita
517 1844 729 1901 retulit
759 1845 835 1901 ad
866 1864 1008 1902 eum
1041 1846 1259 1913 omnia,
1292 1852 1363 1902 ut
1393 1845 1594 1922 ipsum
1625 1853 1833 1904 tamen
1870 1847 1933 1904 in
1971 1866 2212 1904 scenam

401 1942 679 2000 mitteret
738 1962 921 2019 quam
990 1944 1354 2019 parcissime,
1425 1943 1790 2022 longissimis
1860 1945 2211 2003 intervallis.

404 2040 734 2107 Nimirum,
790 2061 929 2099 cum
980 2042 1142 2118 apud
1187 2041 1491 2101 Art-urum
1545 2050 1767 2102 cuncta
1818 2043 2010 2102 ferme
2070 2049 2212 2103 sunt

400 2140 623 2206 divina,
685 2147 820 2197 tum
879 2140 1031 2198 illud
1093 2161 1353 2217 quoque,
1416 2141 1689 2200 Deorum
1748 2143 2018 2201 maxime
2076 2163 2214 2220 pro-

401 2241 618 2316 prium,
649 2239 811 2314 quod
848 2259 1161 2315 nunquam
1191 2240 1295 2298 ille
1326 2241 1566 2317 prodire
1602 2241 1813 2311 soleat,
1844 2242 1959 2300 nisi
1991 2242 2209 2320 dignus

402 2338 641 2396 vindice
671 2337 867 2395 nodus
903 2338 1203 2396 inciderit.
1297 2339 1509 2397 Unum
1551 2340 1667 2398 hoc
1707 2340 1928 2398 merito
1970 2340 2210 2410 doleas;

401 2436 767 2494 intervenire
806 2435 982 2494 illum
1023 2436 1386 2514 plerumque
1427 2438 1860 2506 laborantibus,
1902 2440 2031 2516 ipso
2073 2440 2212 2498 vitae

400 2556 472 2594 ac
515 2534 728 2592 mortis
772 2535 1045 2604 articu10,
1093 2556 1216 2594 non
1262 2556 1465 2594 rerum
1511 2538 1664 2595 serie
1710 2538 2062 2604 adductum,
2105 2536 2210 2594 sed

402 2636 560 2693 forte
605 2635 864 2711 quadam
920 2635 1181 2694 fortuna.
1290 2635 1470 2705 Quod
1522 2643 1632 2694 aut
1684 2636 2026 2694 festinantis
2081 2645 2211 2694 erat

400 2733 638 2803 calami,
682 2741 789 2791 aut
837 2734 1241 2803 dormitantis,
1290 2742 1360 2792 ut
1414 2735 1502 2803 fit,
1556 2735 1822 2812 ingenii:
1877 2735 2210 2812 praesertim

399 2832 593 2891 sicubi
644 2832 832 2889 nimia
879 2831 1171 2891 facilitate
1229 2834 1388 2908 (quae
1437 2839 1566 2910 erat
1617 2832 1900 2909 Spenseri
1947 2831 2206 2905 indoles)

400 2937 495 2989 sat
530 2931 747 2988 habuit
785 2932 1004 2988 sectari
1035 2929 1372 2999 Ariostum,
1413 2937 1771 3008 veteresque
1811 2930 1947 2988 illos
1980 2929 2209 2987 Italicae

403 3029 665 3087 Poeseos
717 3036 1012 3087 auctores,
1112 3028 1345 3087 Omnes
1391 3031 1614 3106 quippe
1664 3028 1955 3088 Ovidium
2007 3028 2208 3105 potius

402 3147 588 3204 quam
629 3127 970 3186 Homerum
1014 3127 1356 3186 fabularum
1395 3147 1620 3206 genere
1658 3128 2041 3204 exprimunt:
2087 3146 2209 3184 non

401 3248 772 3308 magnopere
844 3227 1077 3287 scilicet
1137 3228 1213 3286 de
1276 3228 1817 3296 verisimilitudine,
1871 3247 2076 3304 ,neque
2134 3228 2207 3284 de

403 3347 606 3387 rerum
653 3328 888 3387 ratione
933 3327 1297 3397 laboranteS,
1335 3328 1518 3386 modo
1562 3346 1671 3404 per
1715 3334 1998 3404 portenta
2049 3324 2210 3384 subi-

404 3433 620 3504 tosque
680 3447 852 3486 casus
905 3427 1177 3485 detinere
1230 3425 1471 3485 valeant
1526 3416 1782 3484 animos⁴
1816 3426 1880 3483 in
1931 3443 2205 3501 praesenS.

405 3524 530 3584 Sed
562 3527 724 3584 enim
756 3524 1090 3604 Spenserus
1118 3527 1247 3604 ipse
1281 3531 1562 3594 testatur,
1591 3525 1654 3582 id
1685 3524 1798 3582 sibi
1830 3524 2206 3601 propositum

404 3624 604 3693 fuisse,
646 3631 716 3682 ut
757 3644 996 3702 semper
1040 3626 1209 3701 quasi
1263 3623 1523 3701 digitum
1571 3623 1633 3679 in
1681 3640 1873 3680 unum
1903 3619 2204 3679 Arturum
