2320 4126
369 197 443 248 52
758 190 1010 262 Eoeempla
1037 190 1101 243 de
1127 188 1450 260 Lappowicis
1471 187 1756 257 deswmpta.
1909 202 2073 239 PRAEL.
2093 202 2168 237 w,

372 331 523 402 Quae
568 349 708 389 cum
753 329 976 397 audiaS,
1019 328 1182 386 dicas
1217 327 1414 404 plane,
1447 324 1713 384 Genium
1761 322 1878 380 loci
1923 327 2175 380 cantan-

369 430 533 488 tibus
563 427 844 486 annuisse
875 445 1051 483 suum
1082 424 1234 482 illud
1266 423 1522 482 effusum
1555 442 1625 480 ac
1655 421 1810 480 lene.

459 526 697 586 Verum
737 523 902 581 omni
941 522 1125 580 melle
1157 521 1426 579 dulciora
1466 526 1608 577 sunt
1649 538 1739 586 ea,
1770 537 1903 594 quae
1937 516 2178 593 Lappo-

374 626 511 683 nico
573 625 813 682 cuidam
867 620 1123 680 amatori
1175 620 1556 678 tribuuntur:
1622 637 1754 694 quae
1805 635 1877 674 eo
1931 616 2177 692 quidem

370 724 562 801 magis
592 721 854 799 placent,
887 719 1048 796 quod
1086 720 1248 777 inter
1286 718 1456 776 nives
1501 722 1564 774 et
1602 716 1863 793 pruinaS‚
1897 722 2176 773 extremo

372 821 532 880 orbis
562 819 804 898 augule,
835 818 992 876 fiunt
1024 817 1275 875 obviaP:

736 985 812 1031 En
831 999 1038 1044 unquam
1059 982 1187 1028 feriet
1209 998 1495 1042 purpureum
1509 984 1648 1043 jubar

737 1059 887 1105 Nobis
910 1074 1014 1104 cara
1034 1059 1197 1117 procul
1217 1057 1438 1103 flumina?
1473 1058 1721 1106 frondibus

797 1134 871 1178 En
894 1132 1057 1177 dilecta
1077 1132 1266 1177 remotis

859 1207 1019 1266 Longe
1040 1206 1316 1265 prospiciam
1335 1207 1468 1251 loca?

738 1281 831 1335 Ah,
856 1282 910 1335 si,
934 1296 1025 1341 qua
1044 1296 1147 1325 mea
1166 1281 1247 1325 lux
1269 1280 1460 1327 floribus
1483 1281 1594 1326 aviis

741 1354 1037 1401 Circumfusa
1050 1355 1186 1414 jacet,
1211 1369 1392 1399 cernere
1413 1355 1497 1400 erit
1519 1356 1678 1408 semel,

799 1429 919 1474 Altae
942 1429 1143 1474 culmina
1162 1429 1300 1487 pinus

858 1503 1079 1556 Tentabo,
1102 1503 1222 1548 foliis
1243 1518 1392 1562 neque

743 1577 949 1631 Parcam,
970 1593 1075 1623 vere
1095 1592 1218 1623 novo
1238 1578 1343 1622 laeta
1362 1577 1616 1623 virentibus
1633 1595 1644 1623 t
1726 1587 1730 1590 ’

743 1651 898 1700 Quam
917 1653 1081 1697 vellem
1101 1651 1277 1710 gremio
1298 1651 1437 1697 nubis
1457 1652 1508 1697 in
1529 1647 1677 1698 arduo

801 1726 955 1772 Notas
975 1726 1122 1772 visere
1141 1725 1263 1785 ripas

862 1800 893 1845 J
895 1800 1072 1846 ucundi
1094 1799 1292 1860 Zephyri
1313 1799 1489 1845 darent.

745 1873 969 1933 Sperandi
991 1873 1100 1919 satis
1123 1880 1219 1919 est:
1254 1874 1376 1933 eripe
1396 1882 1441 1920 te
1461 1889 1621 1928 morae,

745 1948 852 1993 Neu
873 1948 1030 1993 dulces
1051 1955 1239 2006 pereant
1258 1947 1497 1995 immeritae
1519 1949 1619 1995 dies

805 2022 939 2067 Votis
961 2022 1286 2082 ominibusque

865 2096 1076 2149 Tabenti,
1096 2102 1140 2141 et
1161 2095 1288 2155 vigili
1307 2110 1458 2154 prece.

470 2266 622 2326 Haec
659 2266 1021 2344 paucissima
1058 2266 1134 2324 de
1174 2264 1448 2342 pluribus
1480 2266 1824 2345 deprompsi
1871 2266 2190 2345 exempla:

383 2386 657 2444 quorum,
690 2372 1003 2441 utcunque
1033 2364 1194 2422 inter
1223 2382 1286 2423 se
1318 2365 1808 2443 discrepantium,
1845 2386 1967 2424 una
2004 2374 2190 2443 atque

384 2467 597 2525 eadem
621 2466 864 2523 videtur
887 2483 1017 2523 esse
1047 2464 1235 2522 ratio:
1283 2484 1419 2522 cum
1454 2466 1680 2542 pariter
1709 2473 1773 2524 et
1803 2466 2033 2523 leniora
2060 2465 2191 2524 haec

385 2573 448 2623 et
492 2565 598 2623 illa
649 2564 942 2622 acerrima
984 2582 1107 2620 non
1155 2563 1270 2621 nisi
1323 2563 1504 2640 pleno
1558 2564 1636 2623 de
1681 2572 1929 2642 pectore
1976 2565 2191 2624 fluant.

386 2665 652 2732 Etenim,
700 2670 771 2720 ut
821 2662 990 2720 brevi
1039 2681 1168 2720 rem
1216 2663 1603 2740 complectar,
1654 2684 1864 2723 omnes
1916 2666 2190 2724 omnium

445 2868 470 2899 P
494 2859 712 2912 Scheffer,
726 2858 966 2916 Lappo‘nia
989 2858 1092 2913 284.
1158 2856 1402 2903 Habentur
1423 2857 1582 2903 eadem
1594 2859 1800 2918 Anglice,
1824 2859 1972 2918 Spect.
1990 2824 2071 2905 ΝΟ.
2086 2858 2196 2919 366.

388 2933 710 2985 Conferantur‚
733 2931 772 2975 si
791 2930 917 2983 libet,
941 2930 1207 2974 dulcissima
1227 2931 1320 2983 illa,

840 3026 867 3048 “
879 3027 910 3064 Ι
926 3038 1011 3064 saw
1032 3026 1099 3064 the
1118 3039 1235 3064 mom
1255 3028 1337 3066 rise
1355 3027 1508 3075 clear‚”
1527 3035 1604 3068 ete.

389 3119 520 3177 cujus
543 3115 756 3162 carminis
777 3115 1029 3160 etiamnum
1050 3113 1173 3172 viget
1198 3113 1415 3172 Scriptor.

789 3209 817 3230 “
838 3206 936 3246 Vidi
957 3219 1078 3246 mane
1098 3219 1207 3246 novo
1226 3207 1295 3246 Sol
1313 3208 1384 3247 ubi
1406 3209 1602 3250 funderet

838 3275 1012 3315 Intactis
1032 3275 1198 3315 nivibus
1218 3290 1476 3328 purpureum
1492 3280 1635 3329 jubar,

897 3346 984 3385 Nec
1002 3344 1150 3385 velocis
1172 3345 1216 3384 in
1237 3359 1382 3386 aurem

953 3415 1109 3465 Cervae,
1131 3429 1213 3467 qua
1231 3427 1422 3468 properet
1442 3416 1522 3467 via,

842 3485 969 3523 Dixi:
1000 3486 1102 3537 quin
1122 3485 1281 3525 domini
1301 3486 1462 3526 conscia
1480 3486 1654 3538 prosilit,

846 3555 982 3594 Instat
1002 3567 1123 3594 cerva
1142 3568 1226 3594 suae
1247 3553 1385 3606 (novit
1400 3555 1531 3595 enim]
1555 3555 1644 3605 viae,

902 3623 1010 3663 Toto
1030 3624 1147 3664 novit
1166 3624 1210 3663 in
1230 3625 1328 3664 orbe

956 3693 1019 3733 Te
1038 3702 1192 3734 metam
1213 3700 1350 3745 petere
1368 3693 1580 3734 unicam.”
