2320 4126
378 219 488 271 244
567 216 882 289 Reliyioswm
906 235 1004 271 esse
1030 217 1209 283 loom,
1234 218 1297 272 de
1322 217 1547 276 comitate
1572 225 1618 271 et
1641 217 1835 288 inopia.
1875 234 2038 269 PRAEL.
2058 232 2171 269 xm.

376 383 519 434 sua3
579 364 800 422 dixeris
846 382 988 422 eum
1034 363 1210 421 oculo
1256 382 1379 421 non
1421 363 1704 421 irretorto
1758 368 2172 440 spectaturum

378 462 657 540 ingentes
687 461 943 520 aliorum
973 479 1255 519 acervos:
1304 460 1527 518 dixeris
1558 461 1742 518 etiam
1772 461 1837 518 in
1865 458 2174 536 republica

378 558 466 634 (id
506 559 668 635 quod
713 577 807 616 res
850 559 981 634 ipsa
1023 558 1258 636 docuit)
1310 577 1694 617 accessurum
1739 578 1863 616 non
1910 558 1988 616 ad
2042 556 2175 613 Ho-

378 659 632 716 mericas
663 665 879 734 parteS,
913 657 1018 715 sed
1049 656 1126 714 ad
1155 657 1429 733 inquieta
1459 657 1662 734 potius
1693 663 1757 715 et
1786 654 2115 734 popularia.

465 741 796 831 Reliquum
838 754 970 821 erit,
1002 760 1073 812 ut
1112 755 1189 812 ad
1225 754 1548 832 religiones
1588 774 1925 833 pergamus,
1956 754 2175 831 quibus

380 854 599 931 passim
641 853 955 917 abundant
998 853 1367 912 Homerica:
1433 854 1537 930 qui
1583 853 1751 912 loeus
1801 873 1924 911 non
1967 853 2175 929 inepte

379 951 782 1029 eonjungetur
811 950 908 1009 vel
954 971 1095 1012 oum
1139 951 1211 1012 iis
1247 970 1380 1030 quae
1423 951 1500 1013 ad
1545 951 1881 1013 caecitatem
1919 949 2174 1008 Homeri

380 1050 478 1107 vel
517 1069 659 1108 oum
703 1050 775 1108 iis
805 1070 943 1127 quae
985 1051 1062 1109 ad
1105 1050 1373 1128 inopiam
1416 1051 1743 1128 pertinent.
1833 1049 1982 1108 Non
2011 1050 2175 1109 enim

381 1148 558 1208 facile
589 1147 961 1208 credendum
983 1155 1094 1218 est,
1117 1148 1287 1207 nulla
1315 1149 1580 1208 numinis
1609 1148 1946 1211 reverentia
1967 1167 2177 1225 quem-

380 1268 563 1325 quam
611 1248 832 1306 versari
879 1249 943 1307 in
990 1249 1124 1308 istis
1174 1249 1536 1318 infortuniiS‚
1588 1267 1703 1307 nec
1748 1256 1957 1307 tamen
2002 1247 2177 1306 irasci

381 1347 687 1410 Fortunae.
754 1347 1059 1406 Praeterea
1093 1348 1341 1417 nemini,
1366 1367 1444 1406 ne
1474 1354 1661 1407 tenue
1693 1347 1939 1425 quidem
1969 1345 2176 1405 saeouli

378 1447 552 1506 istius
584 1446 897 1524 exemplar
934 1447 1158 1516 edenti,
1190 1466 1314 1505 non
1360 1453 1490 1506 erat
1530 1446 1628 1505 vel
1670 1446 1937 1509 maxima
1975 1465 2175 1506 rerum

379 1565 683 1610 sacrarum
742 1545 1022 1610 habenda
1078 1547 1249 1608 ratio.
1369 1545 1587 1623 Itaque
1651 1545 1728 1604 ad
1792 1564 1910 1614 eaS,
1971 1544 2178 1621 quales

377 1645 564 1710 habet
612 1645 943 1721 praesertim
998 1643 1308 1723 Odysseia,
1361 1644 1556 1722 primo
1610 1663 1853 1721 quoque
1903 1651 2178 1720 tempore

379 1745 770 1802 accedamus:
817 1743 1036 1819 quibus
1067 1743 1376 1812 absolutis,
1409 1744 1525 1808 erit
1555 1743 1804 1807 tandem
1834 1759 1870 1802 a
1898 1742 2072 1806 nobis
2102 1742 2178 1806 de

385 1841 658 1906 Homero
689 1847 1056 1925 peroratum.
