2320 4126
162 265 316 297 PRAEL.
333 263 424 294 vn.
757 240 995 304 Achilles,
1022 240 1147 291 Diis
1169 257 1333 291 carus.
1816 242 1921 293 103

167 383 287 439 sive
341 380 588 435 Musicae
646 383 709 434 et
767 375 1122 432 carminibus
1174 374 1275 430 det
1335 391 1593 447 operam,
1644 373 1919 430 Patroclo

169 478 452 542 auditore,

579 587 589 596 .
625 586 634 596 .
671 585 681 596 .
714 552 855 610 φρένα
874 551 1136 608 τερπόμενος
1156 550 1372 607 φόρμιγγι
1391 548 1547 606 λιγείῃ,

399 627 522 680 καλῇ,
545 623 758 679 δαιδαλίῃ,
780 623 851 667 ε’πὶ
872 621 908 666 δ’
930 620 1140 679 ἀργύρεον
1162 619 1288 678 ζῦγον
1307 619 1394 675 ἦεν,

399 697 475 752 τὴν
478 695 608 785 ἄρετ’
632 695 724 750 ἐξ’
702 694 874 753 ενάρων,
895 692 1055 738 πόλιν’
1060 693 1272 737 Ηετίωνος
1293 692 1502 737 ὀλέσσας·

398 771 448 823 τῇ
471 767 553 825 ἄρα
574 767 752 823 θυμὸν“”
727 784 917 824 ετερπεν,
939 765 1053 808 ἄειδε
1075 763 1111 808 δ’
1118 764 1216 854 eapa
1237 763 1342 807 κλέα
1362 764 1540 820 ἀνδρῶν.

399 839 651 896 Πάτροκλος
671 838 720 882 δέ
740 839 780 881 οἷ
801 836 888 883 οἶος
908 837 1096 881 ἐναντίος
1115 855 1226 892 ηστο
1248 838 1409 891 σιωπῇ,

398 911 600 969 δεγμενος
621 910 838 966 Αἰακίδην,
861 909 990 953 ὅποτε
1010 907 1180 965 λήξειεν
1199 908 1352 952 ἀείδων
1365 915 1412 939 a·
1403 925 1476 951 :—

162 1015 282 1071 sive
311 1031 603 1088 praecones
643 1012 718 1069 ab
759 1011 885 1086 ipso
916 1009 1372 1086 Agamemnone
1411 1010 1618 1066 missos
1658 1010 1731 1066 ad
1768 1010 1918 1083 rapi-

163 1110 373 1166 endam
417 1109 684 1164 Briseida
733 1127 852 1164 non
903 1107 1114 1163 illaesos
1159 1107 1337 1162 modo
1381 1106 1664 1173 dimittat,
1709 1124 1914 1162 verum

146 1206 340 1270 ,etiam
374 1205 565 1260 verbis
595 1203 915 1260 honorifice
945 1209 1238 1276 acceptos,

246 1300 392 1356 Haec
444 1300 641 1356 omnia
690 1299 864 1355 unice
920 1298 1069 1354 illud
1128 1296 1410 1362 cumulat,
1464 1260 1622 1372 quod
1673 1298 1734 1353 in
1786 1303 1916 1353 toto

162 1397 445 1472 poematis
503 1396 752 1451 decursu
811 1394 1152 1470 diligentius
1216 1393 1563 1456 inculcatur,
1611 1393 1914 1450 Achillem

159 1491 337 1548 fuisse
382 1491 512 1549 Diis
563 1493 781 1547 eximie
839 1509 1074 1548 carum:
1137 1491 1384 1546 mirifice
1443 1509 1580 1546 cum
1633 1510 1704 1546 eo
1756 1509 1916 1546 com-

158 1606 366 1643 munes
425 1589 548 1662 pati
617 1588 861 1645 affectus
921 1588 1200 1662 quicquid
1265 1593 1356 1642 est
1426 1586 1645 1660 ubique
1704 1585 1914 1642 divinae

159 1685 484 1757 potestatis
608 1683 997 1759 Lacrymatur
1068 1682 1169 1739 ille
1241 1682 1400 1739 solus
1470 1683 1531 1738 in
1605 1682 1913 1738 tentorio?

153 1788 606 1837 commoventur
635 1781 837 1836 statim
868 1779 1199 1837 Oceanides
1230 1778 1544 1854 Nymphae,

449 1885 595 1942 ἥμεναι
616 1885 661 1929 ε’ν
679 1885 917 1938 βένθεσσιν
936 1885 1042 1931 ἁλὸς
1060 1885 1177 1943 παρὰ
1196 1886 1327 1942 πατρὶ
1347 1883 1564 1942 γέροντιῖ).
1603 1899 1605 1901 ’

154 1985 424 2061 Supplex
470 1986 571 2042 ille
602 1985 836 2044 Ventos
882 1986 1096 2042 invitat
1143 1986 1216 2042 ad
1271 2004 1400 2042 ossa
1450 1986 1624 2041 amici
1670 1985 1913 2041 combu-

154 2082 374 2139 renda?
422 2083 602 2138 sentit
634 2083 756 2148 Iris,
787 2082 1147 2156 nunciatque
1179 2081 1517 2138 Ventorum
1549 2081 1779 2149 Ch0r03
1824 2080 1909 2136 illi

148 2192 292 2232 ‘cum
322 2194 535 2251 magno
565 2183 848 2250 apparatu
877 2183 1212 2251 properant,
1237 2184 1299 2233 et
1325 2178 1489 2251 quasi
1519 2177 1909 2233 ministerium

144 2278 560 2345 ,exsequuntur
578 2283 624 2327 0.

262 2366 468 2422 Liceat
539 2367 783 2423 tandem
850 2367 1261 2442 exemplorum
1334 2370 1546 2425 seriem
1618 2368 1908 2437 claudere,

154 2461 495 2517 dulcissima
550 2461 654 2518 illa
711 2463 875 2537 quasi
939 2463 1128 2519 naenia
1191 2464 1440 2537 adjecta,
1499 2484 1629 2539 quae
1693 2471 1784 2520 est
1848 2465 1908 2519 in

162 2555 417 2613 Patrocli
464 2558 701 2614 funere:
764 2577 880 2631 qua
924 2578 1043 2614 una
1088 2578 1151 2615 se
1196 2567 1488 2616 monstrat
1533 2560 1728 2617 Heros
1766 2561 1907 2616 vitae

157 2651 502 2725 prodigum3
547 2653 767 2725 patriae,
798 2654 1074 2727 parentiS‚
1106 2655 1279 2710 amici
1319 2674 1678 2722 memorem3
1723 2656 1908 2711 adnu-

155 2746 502 2801 merandum
536 2746 675 2802 hinc
715 2747 941 2804 miseris
979 2749 1343 2816 mortalibus,
1374 2750 1536 2806 illinc
1576 2750 1904 2806 coelestium

153 2837 350 2895 liberis
384 2847 446 2896 et
485 2840 770 2897 alumnis:
815 2848 885 2897 ut
924 2861 999 2897 ex
1042 2862 1161 2899 uno
1191 2843 1304 2900 hoc
1334 2843 1464 2900 loco
1495 2850 1689 2900 totum
1721 2844 1906 2900 ferme

153 2936 336 3009 possis
364 2937 714 2993 adumbrare
742 2935 1059 2995 Achillem.

382 3045 466 3091 ἕνθ’
488 3046 576 3091 αὖτ’
599 3046 698 3091 ἀλλ’
722 3049 874 3104 ἐνόησε
894 3048 1109 3107 ποδάρκης
1130 3050 1221 3096 δῖος
1238 3049 1485 3108 Ἀχιλλεῦς·

386 3118 495 3163 στὰς
514 3118 724 3163 ἀπάνευθε
742 3123 880 3177 πυρῆς
899 3121 1058 3177 ξανθὴν
1077 3122 1330 3180 ἀπεκείρατο
1351 3122 1517 3180 χαίτην,

382 3189 461 3245 τήν
479 3189 535 3247 ῥα
555 3194 772 3250 Σπερχειῷ
794 3196 976 3251 ποταμῷ
999 3193 1135 3251 τρέφε
1155 3195 1447 3250 τηλεθόωσαν·

381 3260 577 3318 ὀχθήσας
597 3261 633 3305 δ’
655 3262 738 3320 ἄρα
758 3260 887 3315 εἶπεν,
907 3263 1011 3309 ἴδων
1031 3265 1101 3308 ε’πὶ
1124 3264 1274 3309 οἴνοπα
1293 3267 1479 3316 πάντως

441 3332 653 3390 Σπερχεῗ,
674 3333 820 3380 ἄλλως
841 3335 916 3379 σοί
934 3354 985 3393 γε
1005 3336 1145 3393 πατὴρ
1167 3334 1360 3393 ἠρήσατο
1382 3336 1552 3391 Πηλεὺς

382 3402 505 3446 κεῖσέ
523 3421 576 3459 με
597 3403 871 3460 νοστήσαντα
890 3406 1027 3463 φίλην
1049 3407 1092 3452 ἐς
1111 3407 1297 3463 πατρίδα
1316 3410 1456 3464 γαῖαν,

376 3474 457 3517 σοί
475 3493 523 3518 τε
544 3476 675 3531 κόμην
695 3477 870 3534 κερέειν,
891 3476 1030 3535 ῥέξειν
1050 3478 1087 3521 θ’
1109 3476 1227 3536 ἵερην
1247 3481 1500 3535 ἑκατόμβην,
1535 3512 1545 3522 .
1580 3513 1590 3523 .
1626 3512 1636 3523 .

378 3578 406 3601 a
437 3572 490 3616 11.
511 3572 571 3618 ix.
598 3574 695 3618 186.
925 3576 950 3607 Ὁ
981 3577 1010 3620 i.
1033 3577 1135 3634 358.
1362 3585 1385 3607 ⁰
1415 3579 1536 3621 xxiii.
1564 3579 1660 3636 198.
