2320 4126
217 261 374 295 mum„
397 260 526 295 xvix.
588 242 830 295 delectam·
852 260 963 295 eum
977 243 1270 312 praesertim
1296 244 1583 297 mritimis.
1861 249 1969 305 299

218 373 433 442 Etiam,
464 375 567 432 ubi
611 375 843 451 fugatas
887 375 1110 433 Xerxis
1153 375 1428 434 cohortes
1469 383 1667 434 narrat
1706 383 1967 436 tentasse

214 468 456 526 fluvium
488 471 626 548 gelu
657 473 1022 530 astrictum‘:

562 610 932 667 κρυσταλλοπῆγα
953 610 1023 653 διὰ
1041 611 1178 667 πόρον
1199 610 1386 667 στράτος
1404 612 1531 668 περᾷ·

559 679 604 737 χ’
626 681 758 726 ὥστις
776 682 854 737 μὲν
873 681 1003 737 ἡμῶν,
1024 682 1127 739 πρὶν
1148 681 1437 738 σκεδασθῆναι
1458 682 1559 726 θεοῦ

559 750 742 804 ἀκτῖνας,
766 753 954 810 ὥρμηθη,
978 754 1260 811 σεσωσμένος
1281 753 1412 812 κύρει·

558 824 737 883 φλέγων
756 826 839 883 γὰρ
862 826 1011 883 αὐγαῖς
1030 827 1231 885 λαμπρὸς
1249 826 1375 882 ἡλίου
1396 825 1551 873 κύκλος

554 897 693 953 μέσον
711 899 847 952 πόρον
867 898 997 953 δίηκε,
1020 897 1260 955 θερμαίνων
1280 900 1434 957 φλογί·

556 1041 680 1088 ὅστις
699 1043 887 1099 τάχιστα
905 1041 1051 1099 πνεῦμ’
1073 1041 1311 1101 ἇπέῤῥηξεν
1329 1043 1446 1096 βίου.

204 1155 368 1224 Haec,
399 1158 458 1213 ni
491 1155 676 1224 fallor,
706 1157 961 1214 hominis
1003 1164 1141 1213 sunt
1178 1176 1297 1213 non
1337 1157 1576 1214 omnino
1605 1157 1854 1235 hospitis
1896 1162 1959 1218 in

201 1255 327 1329 ipso
372 1273 548 1329 quem
606 1259 803 1310 narrat
862 1272 1032 1310 casu:
1099 1252 1193 1309 vel
1252 1259 1415 1309 certe
1467 1253 1593 1328 ejus
1644 1255 1743 1329 qui
1804 1257 1958 1316 bene

201 1348 471 1407 calluerit
528 1355 760 1406 mentes
823 1367 1144 1422 sensusque
1201 1347 1481 1416 militum,
1544 1348 1646 1406 tali
1719 1352 1958 1412 fortuna

199 1444 688 1502 conflictantium.
778 1444 940 1501 Nam
970 1445 1052 1501 ibi
1085 1444 1394 1502 solvuntur
1425 1446 1862 1520 quodammodo
1893 1431 1955 1508 et

196 1541 483 1618 languent
534 1542 777 1597 fortium
835 1560 1070 1616 quoque
1122 1541 1381 1597 virorum
1439 1542 1695 1616 spiritus,
1747 1545 1955 1604 invicti

197 1636 339 1694 alias
369 1645 430 1694 et
459 1637 624 1694 illaesi
654 1636 748 1694 vel
779 1655 1010 1694 summo
1040 1637 1314 1694 instantis
1343 1637 1525 1712 praelii
1556 1639 1838 1713 periculo.

282 1732 512 1790 Verum
543 1732 666 1789 haec
697 1739 833 1789 sunt
864 1739 1019 1789 terra
1046 1732 1377 1789 militantis.
1445 1730 1716 1810 AEschyli
1747 1743 1952 1794 autem

195 1832 379 1887 nostri
429 1830 663 1906 propria
705 1848 773 1885 ac
817 1830 1110 1904 praecipua
1152 1828 1297 1895 laUS,
1342 1835 1411 1885 ut
1464 1829 1655 1886 civem
1701 1832 1952 1891 decebat

194 1923 644 1990 Atheniensem,
687 1924 741 1978 ἐκ
780 1926 887 1979 τῶν
923 1921 1270 2000 εὐπατριδῶν,
1302 1925 1633 1999 ponebatur
1675 1926 1737 1983 in
1776 1929 1952 1986 rebus

193 2021 502 2077 maritimis
533 2030 711 2095 atque
741 2021 801 2075 in
832 2018 1024 2076 navali
1066 2021 1405 2078 certamine.
1466 2020 1697 2080 Audite
1728 2044 1844 2100 qua
1875 2027 1949 2094 vi,

193 2137 308 2193 qua
337 2117 774 2193 pulchritudine
804 2116 1259 2173 lectissimorum
1293 2137 1690 2187 numerorum,
1726 2121 1946 2180 Persici

192 2233 359 2272 senes
389 2215 595 2290 patriae
628 2214 927 2270 vindicent
957 2214 1175 2288 primas
1206 2221 1362 2271 terra
1392 2217 1657 2291 marique
1692 2226 1945 2294 partesu.

721 2348 870 2393 θεόθεν
889 2349 973 2407 γὰρ
995 2351 1101 2394 κατὰ
1120 2349 1232 2408 μοῖρ’

718 2423 953 2479 ἐκράτησεν
973 2423 1022 2466 τὸ
1042 2424 1200 2466 παλαι-

715 2495 778 2545 ὸν,
801 2494 1028 2551 ἐπέσκηψέ
1047 2513 1093 2536 τε
1115 2493 1310 2550 Πέρσαις

715 2566 931 2622 πολεμοὺς
950 2563 1263 2623 πυργοδαΐκτας

714 2635 886 2688 διέπειν,
911 2637 979 2681 ἶπ-

713 2710 957 2767 πιοχάρμας
976 2727 1022 2752 τε
1043 2708 1236 2761 κλόνους,

712 2780 882 2825 πολέων
902 2780 937 2825 τ’
958 2779 1232 2827 ἀναστάσεις.

185 2897 511 2972 Hucusque
563 2898 636 2953 de
687 2897 860 2953 rebus
909 2904 1076 2954 terrae
1121 2898 1336 2974 gestis;
1403 2899 1709 2974 splendide
1757 2920 1935 2961 sane:

180 2996 285 3051 sed
336 2995 549 3062 videte,
601 2994 859 3061 obsecrO,
912 2994 1123 3069 quibus
1182 2996 1346 3070 quasi
1404 2997 1611 3072 pennis
1662 2997 1820 3055 ultro
1873 3018 1936 3056 se

178 3090 386 3148 efferat
448 3097 628 3158 vates,
698 3089 872 3146 simul
938 3096 1118 3166 atque
1189 3092 1264 3149 ad
1333 3093 1631 3150 maritima
1688 3102 1934 3152 ventum

180 3193 330 3242 estx.

704 3263 865 3322 ἔμαθον
885 3264 938 3317 δ’,
961 3265 1210 3323 εὐρυπόροι-

705 3355 730 3379 ο
752 3337 982 3383 θαλάσσας
1000 3340 1172 3381 πολιαι-

705 3408 880 3466 νομένας
898 3409 1105 3466 πνεύματι
1124 3411 1292 3468 λαβρῷ,

290 3570 306 3599 t
339 3570 459 3613 Pers.
483 3584 584 3628 507.
911 3579 938 3603 u
970 3572 1071 3615 Ver.
1099 3583 1196 3625 105.
1529 3579 1547 3596 ¹
1579 3572 1682 3617 Ver.
1709 3588 1808 3619 112.
