<?xml version="1.0" encoding="UTF-8"?>
<!DOCTYPE html PUBLIC "-//W3C//DTD XHTML 1.0 Transitional//EN"
    "http://www.w3.org/TR/xhtml1/DTD/xhtml1-transitional.dtd">
<html xmlns="http://www.w3.org/1999/xhtml" xml:lang="en" lang="en">
 <head>
  <title>
</title>
<meta http-equiv="Content-Type" content="text/html;charset=utf-8" />
  <meta name='ocr-system' content='tesseract 3.04.00' />
  <meta name='ocr-capabilities' content='ocr_page ocr_carea ocr_par ocr_line ocrx_word'/>
</head>
<body>
  <div class='ocr_page' id='page_1' title='image "./a588873901kebluoft_0060.png"; bbox 0 0 2320 4126; ppageno 0'>
   <div class='ocr_carea' id='block_1_1' title="bbox 362 181 2167 247">
    <p class='ocr_par' dir='ltr' id='par_1_1' title="bbox 362 181 2167 247">
     <span class='ocr_line' id='line_1_1' title="bbox 362 181 2167 247; baseline -0.003 -8"><span class='ocrx_word' id='word_1_1' title='bbox 362 188 436 239; x_wconf 88' lang='lat'>50</span> <span class='ocrx_word' id='word_1_2' title='bbox 663 193 668 196; x_wconf 83' lang='lat'>&#39;</span> <span class='ocrx_word' id='word_1_3' title='bbox 697 184 1010 239; x_wconf 71' lang='lat' dir='ltr'>Testimonia</span> <span class='ocrx_word' id='word_1_4' title='bbox 1036 185 1098 237; x_wconf 72' lang='lat' dir='ltr'>de</span> <span class='ocrx_word' id='word_1_5' title='bbox 1124 183 1495 237; x_wconf 75' lang='lat' dir='ltr'>Barbarorum</span> <span class='ocrx_word' id='word_1_6' title='bbox 1517 181 1826 247; x_wconf 74' lang='lat' dir='ltr'><em>Annalibus,</em></span> <span class='ocrx_word' id='word_1_7' title='bbox 1912 200 2072 234; x_wconf 77' lang='lat' dir='ltr'><strong>PRAEL.</strong></span> <span class='ocrx_word' id='word_1_8' title='bbox 2094 200 2167 233; x_wconf 75' lang='lat' dir='ltr'>rv-</span> 
     </span>
    </p>
   </div>
   <div class='ocr_carea' id='block_1_2' title="bbox 361 314 2172 788">
    <p class='ocr_par' dir='ltr' id='par_1_2' title="bbox 361 314 2172 788">
     <span class='ocr_line' id='line_1_2' title="bbox 365 314 2167 397; baseline -0.003 -19"><span class='ocrx_word' id='word_1_9' title='bbox 365 321 695 397; x_wconf 80' lang='lat' dir='ltr'>Ipsumque</span> <span class='ocrx_word' id='word_1_10' title='bbox 748 319 900 376; x_wconf 90' lang='lat' dir='ltr'>adeo</span> <span class='ocrx_word' id='word_1_11' title='bbox 954 317 1175 374; x_wconf 89' lang='lat' dir='ltr'>mentis</span> <span class='ocrx_word' id='word_1_12' title='bbox 1229 316 1508 373; x_wconf 80' lang='lat' dir='ltr'>humanae</span> <span class='ocrx_word' id='word_1_13' title='bbox 1563 314 1977 383; x_wconf 80' lang='lat' dir='ltr'><strong>Conditorem,</strong></span> <span class='ocrx_word' id='word_1_14' title='bbox 2027 334 2167 373; x_wconf 87' lang='lat' dir='ltr'>cum</span> 
     </span>
     <span class='ocr_line' id='line_1_3' title="bbox 363 413 2170 483; baseline -0.003 -7"><span class='ocrx_word' id='word_1_15' title='bbox 363 420 602 477; x_wconf 86' lang='lat' dir='ltr'>vatibus</span> <span class='ocrx_word' id='word_1_16' title='bbox 651 426 715 476; x_wconf 92' lang='lat' dir='ltr'>et</span> <span class='ocrx_word' id='word_1_17' title='bbox 763 416 1128 475; x_wconf 80' lang='lat' dir='ltr'>carminibus</span> <span class='ocrx_word' id='word_1_18' title='bbox 1179 416 1272 472; x_wconf 91' lang='lat' dir='ltr'>uti</span> <span class='ocrx_word' id='word_1_19' title='bbox 1322 414 1674 483; x_wconf 84' lang='lat' dir='ltr'>decreverit,</span> <span class='ocrx_word' id='word_1_20' title='bbox 1718 432 1820 471; x_wconf 88' lang='lat' dir='ltr'>eos</span> <span class='ocrx_word' id='word_1_21' title='bbox 1865 415 1978 472; x_wconf 85' lang='lat' dir='ltr'>sibi</span> <span class='ocrx_word' id='word_1_22' title='bbox 2022 413 2170 471; x_wconf 88' lang='lat' dir='ltr'>Pro-</span> 
     </span>
     <span class='ocr_line' id='line_1_4' title="bbox 362 513 2172 593; baseline -0.002 -19"><span class='ocrx_word' id='word_1_23' title='bbox 362 517 579 593; x_wconf 84' lang='lat' dir='ltr'>phetas</span> <span class='ocrx_word' id='word_1_24' title='bbox 640 516 847 573; x_wconf 89' lang='lat' dir='ltr'>dedita</span> <span class='ocrx_word' id='word_1_25' title='bbox 898 514 1256 590; x_wconf 87' lang='lat' dir='ltr'>plerumque</span> <span class='ocrx_word' id='word_1_26' title='bbox 1317 532 1500 589; x_wconf 91' lang='lat' dir='ltr'>opera</span> <span class='ocrx_word' id='word_1_27' title='bbox 1544 513 1857 590; x_wconf 77' lang='lat' dir='ltr'>delegisse,</span> <span class='ocrx_word' id='word_1_28' title='bbox 1911 532 2172 589; x_wconf 86' lang='lat' dir='ltr'>quorum</span> 
     </span>
     <span class='ocr_line' id='line_1_5' title="bbox 361 612 2171 689; baseline -0.002 -17"><span class='ocrx_word' id='word_1_29' title='bbox 361 615 523 672; x_wconf 90' lang='lat' dir='ltr'>ultro</span> <span class='ocrx_word' id='word_1_30' title='bbox 556 615 862 672; x_wconf 77' lang='lat' dir='ltr'>ferverent</span> <span class='ocrx_word' id='word_1_31' title='bbox 894 613 1096 681; x_wconf 86' lang='lat' dir='ltr'>animi,</span> <span class='ocrx_word' id='word_1_32' title='bbox 1129 613 1518 688; x_wconf 83' lang='lat' dir='ltr'>maximeque</span> <span class='ocrx_word' id='word_1_33' title='bbox 1555 612 1717 670; x_wconf 88' lang='lat' dir='ltr'>illius</span> <span class='ocrx_word' id='word_1_34' title='bbox 1747 612 1998 670; x_wconf 89' lang='lat' dir='ltr'>remedii</span> <span class='ocrx_word' id='word_1_35' title='bbox 2031 630 2171 689; x_wconf 85' lang='lat' dir='ltr'>ege-</span> 
     </span>
     <span class='ocr_line' id='line_1_6' title="bbox 361 710 1800 788; baseline -0.001 -18"><span class='ocrx_word' id='word_1_36' title='bbox 361 721 517 772; x_wconf 90' lang='lat' dir='ltr'>rent.</span> <span class='ocrx_word' id='word_1_37' title='bbox 608 712 772 783; x_wconf 82' lang='lat' dir='ltr'>Quid</span> <span class='ocrx_word' id='word_1_38' title='bbox 802 710 1037 769; x_wconf 70' lang='lat' dir='ltr'>multa?</span> <span class='ocrx_word' id='word_1_39' title='bbox 1083 711 1198 787; x_wconf 65' lang='lat' dir='ltr'>ipsi&gt;</span> <span class='ocrx_word' id='word_1_40' title='bbox 1228 712 1305 768; x_wconf 94' lang='lat' dir='ltr'>de</span> <span class='ocrx_word' id='word_1_41' title='bbox 1335 730 1400 769; x_wconf 88' lang='lat' dir='ltr'>se</span> <span class='ocrx_word' id='word_1_42' title='bbox 1431 711 1800 788; x_wconf 88' lang='lat' dir='ltr'>loquuntur:</span> 
     </span>
    </p>
   </div>
   <div class='ocr_carea' id='block_1_3' title="bbox 542 828 1692 1555">
    <p class='ocr_par' dir='ltr' id='par_1_3' title="bbox 542 828 1692 1555">
     <span class='ocr_line' id='line_1_7' title="bbox 543 828 1247 889; baseline 0 -15"><span class='ocrx_word' id='word_1_43' title='bbox 543 828 659 884; x_wconf 81' lang='grc' dir='ltr'>εἶπα,</span> <span class='ocrx_word' id='word_1_44' title='bbox 682 830 874 889; x_wconf 80' lang='grc' dir='ltr'>φυλάξω</span> <span class='ocrx_word' id='word_1_45' title='bbox 896 831 975 876; x_wconf 83' lang='grc' dir='ltr'>τὰς</span> <span class='ocrx_word' id='word_1_46' title='bbox 996 828 1126 875; x_wconf 78' lang='grc' dir='ltr'>ὁδούς</span> <span class='ocrx_word' id='word_1_47' title='bbox 1145 848 1247 887; x_wconf 90' lang='grc' dir='ltr'>μου,</span> 
     </span>
     <span class='ocr_line' id='line_1_8' title="bbox 601 904 1450 963; baseline 0 -15"><span class='ocrx_word' id='word_1_48' title='bbox 601 908 679 949; x_wconf 88' lang='grc' dir='ltr'>τοῦ</span> <span class='ocrx_word' id='word_1_49' title='bbox 699 904 758 962; x_wconf 91' lang='grc' dir='ltr'>μὴ</span> <span class='ocrx_word' id='word_1_50' title='bbox 780 904 1043 962; x_wconf 85' lang='grc' dir='ltr'>ἁμαρτάνειν</span> <span class='ocrx_word' id='word_1_51' title='bbox 1065 904 1110 948; x_wconf 87' lang='grc' dir='ltr'>ἐν</span> <span class='ocrx_word' id='word_1_52' title='bbox 1130 905 1324 963; x_wconf 82' lang='grc' dir='ltr'>γλώσσῃ</span> <span class='ocrx_word' id='word_1_53' title='bbox 1347 918 1450 961; x_wconf 91' lang='grc' dir='ltr'>μου·</span> 
     </span>
     <span class='ocr_line' id='line_1_9' title="bbox 542 978 1348 1038; baseline 0 -16"><span class='ocrx_word' id='word_1_54' title='bbox 542 978 701 1036; x_wconf 81' lang='grc' dir='ltr'>ἐθέμην</span> <span class='ocrx_word' id='word_1_55' title='bbox 721 981 782 1038; x_wconf 82' lang='grc' dir='ltr'>τῷ</span> <span class='ocrx_word' id='word_1_56' title='bbox 808 978 1000 1036; x_wconf 85' lang='grc' dir='ltr'>στόματί</span> <span class='ocrx_word' id='word_1_57' title='bbox 1018 997 1104 1036; x_wconf 91' lang='grc' dir='ltr'>μου</span> <span class='ocrx_word' id='word_1_58' title='bbox 1126 978 1348 1037; x_wconf 87' lang='grc' dir='ltr'>φυλακὴν,</span> 
     </span>
     <span class='ocr_line' id='line_1_10' title="bbox 603 1051 1692 1112; baseline 0 -16"><span class='ocrx_word' id='word_1_59' title='bbox 603 1051 650 1096; x_wconf 83' lang='grc' dir='ltr'>ἐν</span> <span class='ocrx_word' id='word_1_60' title='bbox 670 1054 731 1112; x_wconf 79' lang='grc' dir='ltr'>τῷ</span> <span class='ocrx_word' id='word_1_61' title='bbox 755 1053 973 1108; x_wconf 82' lang='grc' dir='ltr'>συστῆναι</span> <span class='ocrx_word' id='word_1_62' title='bbox 994 1052 1071 1096; x_wconf 86' lang='grc' dir='ltr'>τὸν</span> <span class='ocrx_word' id='word_1_63' title='bbox 1091 1051 1354 1111; x_wconf 85' lang='grc' dir='ltr'>ἁμαρτωλὸν</span> <span class='ocrx_word' id='word_1_64' title='bbox 1374 1052 1570 1097; x_wconf 84' lang='grc' dir='ltr'>ἐναντίον</span> <span class='ocrx_word' id='word_1_65' title='bbox 1589 1071 1692 1110; x_wconf 89' lang='grc' dir='ltr'>μου.</span> 
     </span>
     <span class='ocr_line' id='line_1_11' title="bbox 544 1125 1211 1184; baseline 0.001 -15"><span class='ocrx_word' id='word_1_66' title='bbox 544 1125 789 1184; x_wconf 83' lang='grc' dir='ltr'>ε’κωφώθην</span> <span class='ocrx_word' id='word_1_67' title='bbox 810 1125 879 1169; x_wconf 84' lang='grc' dir='ltr'>καὶ</span> <span class='ocrx_word' id='word_1_68' title='bbox 903 1125 1211 1183; x_wconf 86' lang='grc' dir='ltr'>ἐταπεινώθην,</span> 
     </span>
     <span class='ocr_line' id='line_1_12' title="bbox 544 1199 1122 1259; baseline 0.003 -16"><span class='ocrx_word' id='word_1_69' title='bbox 544 1200 614 1243; x_wconf 88' lang='grc' dir='ltr'>καὶ</span> <span class='ocrx_word' id='word_1_70' title='bbox 636 1199 833 1259; x_wconf 83' lang='grc' dir='ltr'>ἐσίγησα</span> <span class='ocrx_word' id='word_1_71' title='bbox 856 1200 906 1256; x_wconf 80' lang='grc' dir='ltr'>ἐξ</span> <span class='ocrx_word' id='word_1_72' title='bbox 928 1199 1122 1259; x_wconf 80' lang='grc' dir='ltr'>ἀγαθῶν,</span> 
     </span>
     <span class='ocr_line' id='line_1_13' title="bbox 603 1273 1372 1333; baseline 0.005 -16"><span class='ocrx_word' id='word_1_73' title='bbox 603 1274 673 1317; x_wconf 86' lang='grc' dir='ltr'>καὶ</span> <span class='ocrx_word' id='word_1_74' title='bbox 694 1275 744 1319; x_wconf 86' lang='grc' dir='ltr'>τὸ</span> <span class='ocrx_word' id='word_1_75' title='bbox 768 1273 946 1333; x_wconf 81' lang='grc' dir='ltr'>ἅλγημά</span> <span class='ocrx_word' id='word_1_76' title='bbox 967 1293 1052 1332; x_wconf 92' lang='grc' dir='ltr'>μου</span> <span class='ocrx_word' id='word_1_77' title='bbox 1075 1274 1372 1333; x_wconf 87' lang='grc' dir='ltr'>ἀνεκαινίσθη·</span> 
     </span>
     <span class='ocr_line' id='line_1_14' title="bbox 542 1346 1386 1407; baseline 0.001 -15"><span class='ocrx_word' id='word_1_78' title='bbox 542 1347 784 1407; x_wconf 79' lang='grc' dir='ltr'>ἐθερμάνθη</span> <span class='ocrx_word' id='word_1_79' title='bbox 807 1347 832 1404; x_wconf 89' lang='grc' dir='ltr'>ἡ</span> <span class='ocrx_word' id='word_1_80' title='bbox 858 1346 1015 1407; x_wconf 80' lang='grc' dir='ltr'>καρδία</span> <span class='ocrx_word' id='word_1_81' title='bbox 1035 1367 1121 1406; x_wconf 88' lang='grc' dir='ltr'>μου</span> <span class='ocrx_word' id='word_1_82' title='bbox 1143 1349 1267 1396; x_wconf 80' lang='grc' dir='ltr'>ἐντός</span> <span class='ocrx_word' id='word_1_83' title='bbox 1286 1368 1386 1407; x_wconf 84' lang='grc' dir='ltr'>μου,</span> 
     </span>
     <span class='ocr_line' id='line_1_15' title="bbox 543 1422 1517 1483; baseline 0.003 -17"><span class='ocrx_word' id='word_1_84' title='bbox 543 1423 613 1467; x_wconf 86' lang='grc' dir='ltr'>καὶ</span> <span class='ocrx_word' id='word_1_85' title='bbox 636 1422 682 1468; x_wconf 83' lang='grc' dir='ltr'>ἐν</span> <span class='ocrx_word' id='word_1_86' title='bbox 702 1425 753 1480; x_wconf 85' lang='grc' dir='ltr'>τῇ</span> <span class='ocrx_word' id='word_1_87' title='bbox 777 1422 940 1480; x_wconf 84' lang='grc' dir='ltr'>μελέτῃ</span> <span class='ocrx_word' id='word_1_88' title='bbox 962 1442 1050 1480; x_wconf 91' lang='grc' dir='ltr'>μου</span> <span class='ocrx_word' id='word_1_89' title='bbox 1074 1422 1391 1480; x_wconf 82' lang='grc' dir='ltr'>ἐκκαυθήσεται</span> <span class='ocrx_word' id='word_1_90' title='bbox 1411 1426 1517 1483; x_wconf 85' lang='grc' dir='ltr'>πῦρ·</span> 
     </span>
     <span class='ocr_line' id='line_1_16' title="bbox 603 1496 1239 1555; baseline 0.002 -15"><span class='ocrx_word' id='word_1_91' title='bbox 603 1497 810 1554; x_wconf 85' lang='grc' dir='ltr'>ἐλάλησα</span> <span class='ocrx_word' id='word_1_92' title='bbox 831 1496 877 1540; x_wconf 85' lang='grc' dir='ltr'>ἐν</span> <span class='ocrx_word' id='word_1_93' title='bbox 897 1498 1090 1555; x_wconf 86' lang='grc' dir='ltr'>γλώσσῃ</span> <span class='ocrx_word' id='word_1_94' title='bbox 1113 1515 1197 1553; x_wconf 87' lang='grc' dir='ltr'>μου</span> <span class='ocrx_word' id='word_1_95' title='bbox 1209 1496 1239 1541; x_wconf 82' lang='lat' dir='ltr'>l.</span> 
     </span>
    </p>
   </div>
   <div class='ocr_carea' id='block_1_4' title="bbox 363 1598 1923 1987">
    <p class='ocr_par' dir='ltr' id='par_1_4' title="bbox 363 1598 1923 1987">
     <span class='ocr_line' id='line_1_17' title="bbox 363 1598 1593 1677; baseline 0 -19"><span class='ocrx_word' id='word_1_96' title='bbox 363 1600 587 1677; x_wconf 92' lang='lat' dir='ltr'>Neque</span> <span class='ocrx_word' id='word_1_97' title='bbox 618 1600 798 1658; x_wconf 92' lang='lat' dir='ltr'>aliter</span> <span class='ocrx_word' id='word_1_98' title='bbox 829 1600 1246 1677; x_wconf 89' lang='lat' dir='ltr'>queribundus</span> <span class='ocrx_word' id='word_1_99' title='bbox 1275 1598 1317 1657; x_wconf 88' lang='lat' dir='ltr'><strong>J</strong></span> <span class='ocrx_word' id='word_1_100' title='bbox 1320 1600 1593 1668; x_wconf 83' lang='lat' dir='ltr'>eremiaS‚</span> 
     </span>
     <span class='ocr_line' id='line_1_18' title="bbox 543 1699 1544 1762; baseline -0.001 -14"><span class='ocrx_word' id='word_1_101' title='bbox 543 1699 659 1755; x_wconf 73' lang='grc' dir='ltr'>εἶπα,</span> <span class='ocrx_word' id='word_1_102' title='bbox 684 1707 715 1726; x_wconf 89' lang='grc'><strong>“</strong></span> <span class='ocrx_word' id='word_1_103' title='bbox 733 1703 796 1746; x_wconf 86' lang='grc' dir='ltr'>Οὐ</span> <span class='ocrx_word' id='word_1_104' title='bbox 817 1702 875 1760; x_wconf 90' lang='grc' dir='ltr'>μὴ</span> <span class='ocrx_word' id='word_1_105' title='bbox 899 1702 1107 1759; x_wconf 85' lang='grc' dir='ltr'>ὀνομάσω</span> <span class='ocrx_word' id='word_1_106' title='bbox 1129 1703 1180 1747; x_wconf 83' lang='grc' dir='ltr'>τὸ</span> <span class='ocrx_word' id='word_1_107' title='bbox 1203 1700 1341 1760; x_wconf 76' lang='grc' dir='ltr'>ὄνομα</span> <span class='ocrx_word' id='word_1_108' title='bbox 1364 1703 1544 1762; x_wconf 88' lang='grc' dir='ltr'>Κυρίου,</span> 
     </span>
     <span class='ocr_line' id='line_1_19' title="bbox 543 1774 1650 1836; baseline 0.002 -16"><span class='ocrx_word' id='word_1_109' title='bbox 543 1777 612 1820; x_wconf 86' lang='grc' dir='ltr'>καὶ</span> <span class='ocrx_word' id='word_1_110' title='bbox 635 1777 686 1820; x_wconf 81' lang='grc' dir='ltr'>οὐ</span> <span class='ocrx_word' id='word_1_111' title='bbox 706 1776 764 1835; x_wconf 87' lang='grc' dir='ltr'>μὴ</span> <span class='ocrx_word' id='word_1_112' title='bbox 787 1774 977 1833; x_wconf 85' lang='grc' dir='ltr'>λαλήσω</span> <span class='ocrx_word' id='word_1_113' title='bbox 999 1777 1064 1820; x_wconf 72' lang='grc' dir='ltr'>ἔτι</span> <span class='ocrx_word' id='word_1_114' title='bbox 1086 1776 1158 1820; x_wconf 85' lang='grc' dir='ltr'>ἐπὶ</span> <span class='ocrx_word' id='word_1_115' title='bbox 1179 1778 1240 1836; x_wconf 82' lang='grc' dir='ltr'>τῷ</span> <span class='ocrx_word' id='word_1_116' title='bbox 1263 1776 1443 1834; x_wconf 84' lang='grc' dir='ltr'>ὀνόματι</span> <span class='ocrx_word' id='word_1_117' title='bbox 1464 1778 1650 1822; x_wconf 81' lang='grc' dir='ltr'>αιίτοῦ·”</span> 
     </span>
     <span class='ocr_line' id='line_1_20' title="bbox 543 1850 1923 1911; baseline 0.003 -16"><span class='ocrx_word' id='word_1_118' title='bbox 543 1851 613 1895; x_wconf 87' lang='grc' dir='ltr'>καὶ</span> <span class='ocrx_word' id='word_1_119' title='bbox 636 1850 809 1910; x_wconf 83' lang='grc' dir='ltr'>ἐγένετο</span> <span class='ocrx_word' id='word_1_120' title='bbox 832 1852 890 1898; x_wconf 84' lang='grc' dir='ltr'>ὡς</span> <span class='ocrx_word' id='word_1_121' title='bbox 910 1853 999 1908; x_wconf 83' lang='grc' dir='ltr'>πῦρ</span> <span class='ocrx_word' id='word_1_122' title='bbox 1023 1852 1251 1908; x_wconf 86' lang='grc' dir='ltr'>καιόμενον</span> <span class='ocrx_word' id='word_1_123' title='bbox 1273 1851 1448 1910; x_wconf 87' lang='grc' dir='ltr'>φλέγον</span> <span class='ocrx_word' id='word_1_124' title='bbox 1470 1851 1517 1895; x_wconf 86' lang='grc' dir='ltr'>ἐν</span> <span class='ocrx_word' id='word_1_125' title='bbox 1538 1854 1630 1899; x_wconf 82' lang='grc' dir='ltr'>τοῖς</span> <span class='ocrx_word' id='word_1_126' title='bbox 1651 1852 1803 1900; x_wconf 84' lang='grc' dir='ltr'>ὀστοῖς</span> <span class='ocrx_word' id='word_1_127' title='bbox 1823 1872 1923 1911; x_wconf 88' lang='grc' dir='ltr'>μου,</span> 
     </span>
     <span class='ocr_line' id='line_1_21' title="bbox 546 1925 1704 1987; baseline 0.002 -17"><span class='ocrx_word' id='word_1_128' title='bbox 546 1926 616 1972; x_wconf 81' lang='grc' dir='ltr'>καὶ</span> <span class='ocrx_word' id='word_1_129' title='bbox 637 1928 845 1984; x_wconf 81' lang='grc' dir='ltr'>παρεῖμαι</span> <span class='ocrx_word' id='word_1_130' title='bbox 865 1925 1097 1978; x_wconf 87' lang='grc' dir='ltr'>πάντοθεν,</span> <span class='ocrx_word' id='word_1_131' title='bbox 1121 1925 1192 1969; x_wconf 81' lang='grc' dir='ltr'>καὶ</span> <span class='ocrx_word' id='word_1_132' title='bbox 1213 1926 1265 1970; x_wconf 85' lang='grc' dir='ltr'>οὐ</span> <span class='ocrx_word' id='word_1_133' title='bbox 1287 1926 1471 1984; x_wconf 85' lang='grc' dir='ltr'>δυνάμαι</span> <span class='ocrx_word' id='word_1_134' title='bbox 1493 1927 1648 1987; x_wconf 84' lang='grc' dir='ltr'>φέρειν</span> <span class='ocrx_word' id='word_1_135' title='bbox 1661 1935 1704 1972; x_wconf 84' lang='lat'>¹¹².</span> 
     </span>
    </p>
   </div>
   <div class='ocr_carea' id='block_1_5' title="bbox 364 2147 2176 3110">
    <p class='ocr_par' dir='ltr' id='par_1_5' title="bbox 364 2147 2176 3110">
     <span class='ocr_line' id='line_1_22' title="bbox 452 2147 2171 2225; baseline 0.001 -21"><span class='ocrx_word' id='word_1_136' title='bbox 452 2148 600 2205; x_wconf 86' lang='lat' dir='ltr'>Dixi</span> <span class='ocrx_word' id='word_1_137' title='bbox 647 2149 722 2206; x_wconf 94' lang='lat' dir='ltr'>de</span> <span class='ocrx_word' id='word_1_138' title='bbox 770 2147 1091 2205; x_wconf 87' lang='lat' dir='ltr'>Hebraicae</span> <span class='ocrx_word' id='word_1_139' title='bbox 1139 2147 1400 2206; x_wconf 87' lang='lat' dir='ltr'>Poeseos</span> <span class='ocrx_word' id='word_1_140' title='bbox 1444 2149 1654 2207; x_wconf 88' lang='lat' dir='ltr'>initio:</span> <span class='ocrx_word' id='word_1_141' title='bbox 1707 2168 1839 2224; x_wconf 84' lang='lat' dir='ltr'>quae</span> <span class='ocrx_word' id='word_1_142' title='bbox 1885 2149 2171 2225; x_wconf 87' lang='lat' dir='ltr'>quoniam</span> 
     </span>
     <span class='ocr_line' id='line_1_23' title="bbox 364 2246 2173 2324; baseline 0.001 -19"><span class='ocrx_word' id='word_1_143' title='bbox 364 2250 493 2306; x_wconf 89' lang='lat' dir='ltr'>sine</span> <span class='ocrx_word' id='word_1_144' title='bbox 555 2247 965 2305; x_wconf 83' lang='lat' dir='ltr'>controversia</span> <span class='ocrx_word' id='word_1_145' title='bbox 1020 2246 1201 2324; x_wconf 84' lang='lat' dir='ltr'>longe</span> <span class='ocrx_word' id='word_1_146' title='bbox 1261 2255 1354 2305; x_wconf 90' lang='lat' dir='ltr'>est</span> <span class='ocrx_word' id='word_1_147' title='bbox 1415 2248 1686 2305; x_wconf 87' lang='lat' dir='ltr'>omnium</span> <span class='ocrx_word' id='word_1_148' title='bbox 1747 2248 2173 2315; x_wconf 83' lang='lat' dir='ltr'>vetustissima,</span> 
     </span>
     <span class='ocr_line' id='line_1_24' title="bbox 364 2345 2174 2424; baseline 0.001 -20"><span class='ocrx_word' id='word_1_149' title='bbox 364 2345 652 2404; x_wconf 82' lang='lat' dir='ltr'>credibile</span> <span class='ocrx_word' id='word_1_150' title='bbox 714 2346 809 2412; x_wconf 83' lang='lat' dir='ltr'>sit,</span> <span class='ocrx_word' id='word_1_151' title='bbox 865 2365 999 2402; x_wconf 89' lang='lat' dir='ltr'>eam</span> <span class='ocrx_word' id='word_1_152' title='bbox 1060 2346 1324 2422; x_wconf 83' lang='lat' dir='ltr'>profanis</span> <span class='ocrx_word' id='word_1_153' title='bbox 1384 2366 1625 2423; x_wconf 91' lang='lat' dir='ltr'>quoque</span> <span class='ocrx_word' id='word_1_154' title='bbox 1686 2347 2045 2424; x_wconf 85' lang='lat' dir='ltr'>principium</span> <span class='ocrx_word' id='word_1_155' title='bbox 2108 2356 2174 2405; x_wconf 91' lang='lat' dir='ltr'>et</span> 
     </span>
     <span class='ocr_line' id='line_1_25' title="bbox 364 2443 2175 2520; baseline 0.002 -20"><span class='ocrx_word' id='word_1_156' title='bbox 364 2444 677 2520; x_wconf 82' lang='lat' dir='ltr'>exemplar</span> <span class='ocrx_word' id='word_1_157' title='bbox 731 2444 984 2501; x_wconf 89' lang='lat' dir='ltr'>dedisse.</span> <span class='ocrx_word' id='word_1_158' title='bbox 1077 2443 1261 2502; x_wconf 80' lang='lat' dir='ltr'>Certe</span> <span class='ocrx_word' id='word_1_159' title='bbox 1314 2445 1457 2502; x_wconf 90' lang='lat' dir='ltr'>satis</span> <span class='ocrx_word' id='word_1_160' title='bbox 1509 2445 1666 2503; x_wconf 85' lang='lat' dir='ltr'>bene</span> <span class='ocrx_word' id='word_1_161' title='bbox 1718 2465 1855 2503; x_wconf 90' lang='lat' dir='ltr'>cum</span> <span class='ocrx_word' id='word_1_162' title='bbox 1907 2467 1980 2504; x_wconf 85' lang='lat' dir='ltr'>ea</span> <span class='ocrx_word' id='word_1_163' title='bbox 2033 2467 2175 2504; x_wconf 87' lang='lat' dir='ltr'>con-</span> 
     </span>
     <span class='ocr_line' id='line_1_26' title="bbox 367 2543 2175 2619; baseline 0.002 -21"><span class='ocrx_word' id='word_1_164' title='bbox 367 2543 636 2610; x_wconf 80' lang='lat' dir='ltr'>veniunt,</span> <span class='ocrx_word' id='word_1_165' title='bbox 691 2543 737 2599; x_wconf 89' lang='lat' dir='ltr'>si</span> <span class='ocrx_word' id='word_1_166' title='bbox 793 2563 931 2618; x_wconf 82' lang='lat' dir='ltr'>quae</span> <span class='ocrx_word' id='word_1_167' title='bbox 993 2543 1227 2618; x_wconf 89' lang='lat' dir='ltr'>uspiam</span> <span class='ocrx_word' id='word_1_168' title='bbox 1290 2543 1449 2619; x_wconf 92' lang='lat' dir='ltr'>apud</span> <span class='ocrx_word' id='word_1_169' title='bbox 1500 2543 1795 2601; x_wconf 90' lang='lat' dir='ltr'>Barbaros</span> <span class='ocrx_word' id='word_1_170' title='bbox 1856 2552 2175 2602; x_wconf 86' lang='lat' dir='ltr'>servantur</span> 
     </span>
     <span class='ocr_line' id='line_1_27' title="bbox 365 2639 2175 2718; baseline 0.002 -22"><span class='ocrx_word' id='word_1_171' title='bbox 365 2641 538 2698; x_wconf 87' lang='lat' dir='ltr'>nobis</span> <span class='ocrx_word' id='word_1_172' title='bbox 570 2641 905 2697; x_wconf 83' lang='lat' dir='ltr'>carminum</span> <span class='ocrx_word' id='word_1_173' title='bbox 938 2640 1236 2716; x_wconf 87' lang='lat' dir='ltr'>reliquiae:</span> <span class='ocrx_word' id='word_1_174' title='bbox 1284 2647 1355 2698; x_wconf 91' lang='lat' dir='ltr'>ut</span> <span class='ocrx_word' id='word_1_175' title='bbox 1385 2641 1490 2698; x_wconf 91' lang='lat' dir='ltr'>illa</span> <span class='ocrx_word' id='word_1_176' title='bbox 1515 2639 1761 2698; x_wconf 87' lang='lat' dir='ltr'>Arctois</span> <span class='ocrx_word' id='word_1_177' title='bbox 1791 2642 2031 2718; x_wconf 88' lang='lat' dir='ltr'>populis</span> <span class='ocrx_word' id='word_1_178' title='bbox 2054 2643 2175 2699; x_wconf 88' lang='lat' dir='ltr'>usi-</span> 
     </span>
     <span class='ocr_line' id='line_1_28' title="bbox 365 2739 2176 2817; baseline 0.001 -21"><span class='ocrx_word' id='word_1_179' title='bbox 365 2747 513 2809; x_wconf 89' lang='lat' dir='ltr'>tata,</span> <span class='ocrx_word' id='word_1_180' title='bbox 561 2740 780 2816; x_wconf 87' lang='lat' dir='ltr'>quibus</span> <span class='ocrx_word' id='word_1_181' title='bbox 828 2739 1204 2816; x_wconf 81' lang='lat' dir='ltr'>inexpletam</span> <span class='ocrx_word' id='word_1_182' title='bbox 1258 2739 1490 2797; x_wconf 82' lang='lat' dir='ltr'>bellicae</span> <span class='ocrx_word' id='word_1_183' title='bbox 1536 2739 1741 2817; x_wconf 78' lang='lat' dir='ltr'>gloriae</span> <span class='ocrx_word' id='word_1_184' title='bbox 1787 2741 1951 2798; x_wconf 89' lang='lat' dir='ltr'>sitim</span> <span class='ocrx_word' id='word_1_185' title='bbox 1990 2741 2176 2798; x_wconf 87' lang='lat' dir='ltr'>moris</span> 
     </span>
     <span class='ocr_line' id='line_1_29' title="bbox 366 2837 2171 2915; baseline 0.002 -22"><span class='ocrx_word' id='word_1_186' title='bbox 366 2844 496 2893; x_wconf 91' lang='lat' dir='ltr'>erat</span> <span class='ocrx_word' id='word_1_187' title='bbox 527 2838 602 2894; x_wconf 92' lang='lat' dir='ltr'>ad</span> <span class='ocrx_word' id='word_1_188' title='bbox 634 2845 876 2913; x_wconf 87' lang='lat' dir='ltr'>tempus</span> <span class='ocrx_word' id='word_1_189' title='bbox 923 2838 1148 2895; x_wconf 83' lang='lat' dir='ltr'>sedare.</span> <span class='ocrx_word' id='word_1_190' title='bbox 1241 2837 1379 2906; x_wconf 81' lang='lat' dir='ltr'>Quo</span> <span class='ocrx_word' id='word_1_191' title='bbox 1422 2839 1484 2895; x_wconf 90' lang='lat' dir='ltr'>in</span> <span class='ocrx_word' id='word_1_192' title='bbox 1526 2857 1749 2915; x_wconf 84' lang='lat' dir='ltr'>genere</span> <span class='ocrx_word' id='word_1_193' title='bbox 1790 2839 2171 2897; x_wconf 88' lang='lat' dir='ltr'>notissimum</span> 
     </span>
     <span class='ocr_line' id='line_1_30' title="bbox 367 2934 2175 3012; baseline 0.002 -20"><span class='ocrx_word' id='word_1_194' title='bbox 367 2943 460 2992; x_wconf 92' lang='lat' dir='ltr'>est</span> <span class='ocrx_word' id='word_1_195' title='bbox 510 2934 681 3002; x_wconf 91' lang='lat' dir='ltr'>illud,</span> <span class='ocrx_word' id='word_1_196' title='bbox 733 2935 918 3011; x_wconf 80' lang='lat' dir='ltr'>Regis</span> <span class='ocrx_word' id='word_1_197' title='bbox 962 2935 1227 3012; x_wconf 83' lang='lat' dir='ltr'>Ragneri</span> <span class='ocrx_word' id='word_1_198' title='bbox 1272 2936 1460 2993; x_wconf 86' lang='lat' dir='ltr'>vincti</span> <span class='ocrx_word' id='word_1_199' title='bbox 1506 2956 1576 2993; x_wconf 88' lang='lat' dir='ltr'>ac</span> <span class='ocrx_word' id='word_1_200' title='bbox 1623 2935 1970 3011; x_wconf 82' lang='lat' dir='ltr'>squalentiS,</span> <span class='ocrx_word' id='word_1_201' title='bbox 2023 2957 2175 2995; x_wconf 87' lang='lat' dir='ltr'>non-</span> 
     </span>
     <span class='ocr_line' id='line_1_31' title="bbox 369 3032 2173 3110; baseline 0.003 -21"><span class='ocrx_word' id='word_1_202' title='bbox 369 3032 515 3089; x_wconf 91' lang='lat' dir='ltr'>dum</span> <span class='ocrx_word' id='word_1_203' title='bbox 575 3039 782 3090; x_wconf 90' lang='lat' dir='ltr'>tamen</span> <span class='ocrx_word' id='word_1_204' title='bbox 843 3033 1113 3090; x_wconf 87' lang='lat' dir='ltr'>edomito</span> <span class='ocrx_word' id='word_1_205' title='bbox 1180 3035 1400 3102; x_wconf 84' lang='lat' dir='ltr'>animo,</span> <span class='ocrx_word' id='word_1_206' title='bbox 1461 3034 1710 3110; x_wconf 81' lang='grc' dir='ltr'>ἐλεγεῖον</span> <span class='ocrx_word' id='word_1_207' title='bbox 1771 3035 2021 3094; x_wconf 72' lang='lat' dir='ltr'>dicam?</span> <span class='ocrx_word' id='word_1_208' title='bbox 2095 3056 2173 3094; x_wconf 89' lang='lat' dir='ltr'>an</span> 
     </span>
    </p>
   </div>
   <div class='ocr_carea' id='block_1_6' title="bbox 369 3130 1722 3491">
    <p class='ocr_par' dir='ltr' id='par_1_6' title="bbox 369 3130 1722 3491">
     <span class='ocr_line' id='line_1_32' title="bbox 369 3130 670 3188; baseline 0.01 -3"><span class='ocrx_word' id='word_1_209' title='bbox 369 3130 627 3188; x_wconf 83' lang='grc' dir='ltr'>ἐπινίκιον</span> <span class='ocrx_word' id='word_1_210' title='bbox 646 3130 670 3188; x_wconf 68' lang='grc' dir='ltr'>’.ἶ</span> 
     </span>
     <span class='ocr_line' id='line_1_33' title="bbox 801 3211 1341 3270; baseline 0 -15"><span class='ocrx_word' id='word_1_211' title='bbox 801 3211 1115 3270; x_wconf 85' lang='lat' dir='ltr'>Pugnavimus</span> <span class='ocrx_word' id='word_1_212' title='bbox 1138 3211 1341 3256; x_wconf 79' lang='lat' dir='ltr'>ensibus.</span> 
     </span>
     <span class='ocr_line' id='line_1_34' title="bbox 802 3283 1722 3343; baseline -0.003 -11"><span class='ocrx_word' id='word_1_213' title='bbox 802 3283 1118 3343; x_wconf 76' lang='lat' dir='ltr'>Quinquagies</span> <span class='ocrx_word' id='word_1_214' title='bbox 1142 3291 1185 3329; x_wconf 88' lang='lat' dir='ltr'>et</span> <span class='ocrx_word' id='word_1_215' title='bbox 1208 3286 1347 3329; x_wconf 87' lang='lat' dir='ltr'>semel</span> <span class='ocrx_word' id='word_1_216' title='bbox 1367 3292 1556 3329; x_wconf 83' lang='lat' dir='ltr'>vocatus</span> <span class='ocrx_word' id='word_1_217' title='bbox 1579 3284 1722 3338; x_wconf 80' lang='lat' dir='ltr'>adfui,</span> 
     </span>
     <span class='ocr_line' id='line_1_35' title="bbox 801 3357 1398 3416; baseline 0.002 -16"><span class='ocrx_word' id='word_1_218' title='bbox 801 3357 963 3402; x_wconf 80' lang='lat' dir='ltr'>Praelio</span> <span class='ocrx_word' id='word_1_219' title='bbox 986 3358 1072 3402; x_wconf 86' lang='lat' dir='ltr'>sub</span> <span class='ocrx_word' id='word_1_220' title='bbox 1096 3357 1240 3416; x_wconf 87' lang='lat' dir='ltr'>signis</span> <span class='ocrx_word' id='word_1_221' title='bbox 1263 3357 1398 3401; x_wconf 86' lang='lat' dir='ltr'>facto.</span> 
     </span>
     <span class='ocr_line' id='line_1_36' title="bbox 802 3431 1719 3491; baseline 0.001 -16"><span class='ocrx_word' id='word_1_222' title='bbox 802 3432 994 3481; x_wconf 84' lang='lat' dir='ltr'>Minime</span> <span class='ocrx_word' id='word_1_223' title='bbox 1015 3433 1224 3477; x_wconf 86' lang='lat' dir='ltr'>omnium</span> <span class='ocrx_word' id='word_1_224' title='bbox 1247 3432 1441 3491; x_wconf 83' lang='lat' dir='ltr'>cogitavi</span> <span class='ocrx_word' id='word_1_225' title='bbox 1462 3431 1719 3485; x_wconf 90' lang='lat' dir='ltr'>hominum,</span> 
     </span>
    </p>
   </div>
   <div class='ocr_carea' id='block_1_7' title="bbox 660 3588 1885 3649">
    <p class='ocr_par' dir='ltr' id='par_1_7' title="bbox 660 3588 1885 3649">
     <span class='ocr_line' id='line_1_37' title="bbox 660 3588 1885 3649; baseline 0.002 -17"><span class='ocrx_word' id='word_1_226' title='bbox 660 3588 670 3619; x_wconf 84' lang='lat'><strong>¹</strong></span> <span class='ocrx_word' id='word_1_227' title='bbox 706 3589 782 3633; x_wconf 88' lang='lat' dir='ltr'>Ps.</span> <span class='ocrx_word' id='word_1_228' title='bbox 807 3589 959 3632; x_wconf 85' lang='lat' dir='ltr'>xxxix.</span> <span class='ocrx_word' id='word_1_229' title='bbox 979 3602 1108 3648; x_wconf 88' lang='lat'><strong>1—3.</strong></span> <span class='ocrx_word' id='word_1_230' title='bbox 1474 3596 1514 3620; x_wconf 89' lang='lat' dir='ltr'>m</span> <span class='ocrx_word' id='word_1_231' title='bbox 1546 3589 1715 3634; x_wconf 84' lang='lat' dir='ltr'>Jerem.</span> <span class='ocrx_word' id='word_1_232' title='bbox 1738 3606 1816 3634; x_wconf 88' lang='lat' dir='ltr'>xx.</span> <span class='ocrx_word' id='word_1_233' title='bbox 1838 3605 1885 3649; x_wconf 84' lang='lat'>9.</span> 
     </span>
    </p>
   </div>
  </div>
 </body>
</html>
