2320 4126
134 267 287 301 PRAEL.
309 267 417 301 vm.
466 246 701 298 Patrocli
726 246 928 306 Fctum,
956 233 1206 295 Achilleae
1231 244 1417 296 indolis
1440 246 1698 313 specimen.
1775 249 1881 302 117

135 410 250 447 non
297 406 502 464 parum
561 384 786 442 Achilli
844 384 1078 440 favent:
1147 382 1350 438 vident
1408 381 1578 438 illum
1636 402 1755 440 non
1813 404 1884 442 ea

133 485 305 543 modo
339 502 556 549 curare,
586 501 714 556 quae
755 480 939 537 oculis
979 480 1139 536 cerni
1181 486 1243 535 et
1274 478 1462 554 digito
1494 479 1883 537 demonstrari

134 589 387 659 possunt,
418 580 520 636 sed
550 578 670 635 alte
700 586 982 653 spectare,
1015 578 1115 634 sed
1148 584 1393 634 aeternas
1418 577 1689 633 Heroum
1717 580 1884 637 sedes

135 685 195 735 et
225 677 421 734 debita
452 673 734 731 Manibus
759 673 898 747 jura
937 673 1223 729 contueri.
1313 672 1490 740 Quod
1520 691 1657 730 cum
1687 673 1879 749 palam

135 776 202 831 fit
255 780 382 830 toto
439 771 542 827 illo
612 771 888 835 carmine,
948 770 1105 843 quod
1174 767 1324 825 ἆθλα
1397 769 1486 825 ἐπὶ
1562 767 1884 848 Πατρόκλῳ

135 869 476 934 inscribitur,
501 875 629 923 tum
660 865 1093 941 illo'praecipue
1124 864 1272 931 1000,
1297 884 1413 939 quo
1444 865 1592 922 nihil
1621 886 1883 942 unquam

135 966 305 1023 ullius
326 965 476 1021 vatis
503 964 564 1019 in
590 970 855 1019 mentem
886 969 990 1018 aut
1021 962 1250 1018 dulcius
1273 961 1502 1018 venisse
1533 963 1882 1020 crediderim

134 1070 237 1121 aut
265 1060 566 1118 flebilius0.

374 1167 586 1223 Πηλείδης
606 1166 642 1210 δ’
665 1167 734 1210 ἐπὶ
756 1167 839 1211 θινὶ
859 1166 1215 1224 πολυφλοίσβοιο
1239 1166 1469 1223 θαλάσσης

371 1241 484 1281 κεῖτο
502 1238 851 1296 βαρυστενάχων,
872 1238 1057 1282 πολέσιν
1077 1238 1183 1292 μετὰ
1204 1238 1560 1295 Μυρμιδόνεσσιν

373 1309 418 1351 ἐν
438 1308 623 1368 καθαρῷ,
645 1307 714 1352 ὅθι
735 1308 879 1365 κύματ’
904 1308 968 1352 ἐπ’
991 1307 1130 1365 ἠϊόνος
1151 1307 1402 1363 κλύζεσκον·

375 1380 469 1425 εὖτε
488 1383 563 1426 τὸν
582 1385 711 1427 ὕπνος
731 1383 932 1440 ἔμαρπτε,
953 1381 1070 1427 λύων
1089 1381 1360 1448 μελεδήματα
1382 1382 1531 1439 θυμοῦ,

374 1455 554 1512 νήδυμος
573 1456 845 1514 ἀμφιχυθείς·
877 1457 995 1514 μάλα
1013 1457 1097 1514 γὰρ
1119 1457 1223 1513 κάμε
1244 1456 1429 1543 φαίδιμα
1450 1459 1551 1514 γυῖα

366 1526 537 1586 ’Ἕκτορ’
560 1528 783 1574 ἐπαΐσσων
803 1531 931 1587 προτὶ
947 1528 1129 1575 ”Ιλιον’
1110 1530 1395 1587 ηνεμοέσσαν.

375 1598 481 1655 ἦλθε
502 1600 538 1644 δ’
561 1602 631 1645 ἐπὶ
651 1603 777 1661 ψυχὴ
799 1606 1079 1661 Πατροκλῆος
1100 1604 1276 1657 δειλοῖο,

373 1674 493 1719 πάντ’
515 1676 644 1736 αὐτῷ,
667 1676 848 1734 μέγεθός
869 1696 915 1720 τε
936 1678 1005 1720 καὶ
1026 1676 1195 1734 ὄμματα
1216 1676 1325 1729 κάλ’,
1348 1677 1495 1730 εἷκυῖα,

134 1774 401 1851 (Repetit
447 1780 555 1836 sub
598 1781 716 1837 fine
761 1800 962 1838 versus
1006 1782 1336 1856 spondaeos,
1381 1801 1456 1838 ne
1501 1801 1621 1839 non
1665 1790 1727 1840 et
1771 1784 1884 1859 ipsi

135 1874 378 1941 numeri,
409 1876 702 1933 summissi
733 1896 800 1933 ac
832 1877 1075 1945 flebiles,
1107 1897 1420 1935 moerorem
1449 1879 1761 1957 indicent.)

375 1991 442 2034 καὶ
462 1991 623 2048 φωνὴν,
646 1992 714 2035 καὶ
735 1994 831 2035 τοῖα
851 1993 950 2050 περὶ
970 1991 1073 2050 χροῒ
1091 1992 1241 2050 εἵματα
1262 1992 1381 2038 ἕστο·

375 2065 457 2119 στῆ
479 2062 515 2106 δ’
537 2062 602 2119 ἆρ’
625 2063 732 2120 ὑπὲρ
754 2065 958 2121 κεφαλῆς,
981 2065 1052 2108 καί
1070 2083 1142 2121 μιν
1161 2066 1270 2122 πρὸς
1289 2065 1427 2121 μῦθον
1448 2066 1601 2110 ἔειπεν·

373 2132 522 2186 εὕδεις,
543 2135 675 2192 αὐτὰρ
697 2135 811 2190 ἐμεῖο
830 2134 1099 2191 λελασμένος
1119 2135 1267 2187 ἔπλευ,
1287 2134 1523 2193 Ἀχιλλεῦ;

373 2205 424 2248 οὗ
443 2205 520 2262 μέν
539 2224 617 2261 μευ
639 2207 818 2259 ζώοντος
836 2205 1016 2262 ἀκήδεις,
1037 2206 1155 2250 ἀλλὰ
1175 2206 1388 2252 θάνοντος·

374 2278 509 2323 θάπτε
528 2297 581 2335 με
602 2281 895 2336 ὁττιτιάχιστα,
916 2278 1055 2324 πύλας
1074 2278 1222 2322 Ἀΐδαο
1241 2278 1434 2335 περήσω·

376 2349 479 2406 τῆλέ
499 2369 553 2407 με
572 2348 766 2408 εἴργουσι
787 2351 947 2408 ψυχαὶ,
971 2350 1128 2395 εἴδωλα
1149 2353 1381 2408 καμόντων,

377 2421 479 2466 οὐδέ
497 2422 551 2478 με’
569 2441 636 2466 πω
655 2422 894 2480 μίσγεσθαι
914 2423 1021 2479 ὑπὲρ
1042 2425 1250 2479 ποταμοῖο
1271 2423 1415 2467 ἐῶσιν·

360 2492 476 2556 ’ἀλλ’
498 2496 633 2539 αὕτως
652 2494 869 2550 ἀλάλημαι
889 2493 950 2538 ἀν’
973 2495 1209 2552 εὐρυπυλὲς
1226 2493 1370 2540 Ἀΐδος
1390 2495 1465 2538 δῶ.

378 2566 448 2608 καί
465 2584 537 2622 μοι
557 2567 630 2611 δὸς
650 2566 726 2622 τὴν
745 2565 870 2624 χεῖρ’,
892 2565 1178 2624 ὀλοφύρομαι·
1212 2567 1261 2609 οὗ
1281 2567 1366 2624 γὰρ
1388 2565 1444 2610 ἐτ’
1467 2565 1583 2612 αὖτις

379 2637 584 2692 νίσσομαι
605 2637 653 2694 ἐξ
671 2635 834 2688 Ἀΐδαο,
856 2635 962 2692 ἐπήν
980 2655 1034 2693 με
1053 2638 1187 2693 πυρὸς
1205 2638 1437 2694 λελάχητε.

377 2709 428 2751 οὐ
448 2709 527 2765 μὲν
545 2709 629 2766 γὰρ
651 2709 750 2762 ζωοί
768 2727 820 2766 γε
840 2709 986 2765 φίλων
1005 2708 1238 2752 ἀπάνευθεν
1259 2709 1437 2763 ἑταίρων

378 2781 544 2833 βουλὰς
564 2783 755 2837 ἑξόμενοι
775 2779 1074 2836 βουλεύσομεν
1108 2813 1349 2824 ......

218 2897 424 2972 Atque
452 2897 582 2955 haec
619 2898 733 2954 ¹etsi
762 2897 1145 2974 longiuscula,
1178 2898 1349 2955 venia
1376 2903 1582 2955 tamen
1609 2899 1687 2955 sit
1714 2899 1884 2957 nobis

135 2991 543 3069 allegantibus,
587 2994 882 3068 quoniam,
934 2994 996 3071 ni
1047 2994 1237 3060 fallor,
1292 2995 1602 3052 mirificam
1658 2995 1884 3052 habent

137 3088 261 3162 ejus
305 3090 388 3145 rei
435 3072 941 3165 significationem,
982 3109 1099 3165 qua
1146 3110 1265 3147 una
1314 3079 1574 3147 max‘ime
1622 3091 1883 3166 mitigari

139 3182 386 3240 dicimus
449 3191 705 3242 atrocem
765 3186 898 3242 irati
957 3186 1260 3242 bellatoris
1328 3187 1611 3242 animum.
1728 3186 1885 3243 Con-

138 3277 405 3347 siderate,
452 3299 668 3354 quaeso‚
718 3281 917 3356 paullo
967 3283 1272 3349 attentiuS,
1318 3288 1498 3356 atque
1549 3281 1883 3349 intuemini,

140 3372 461 3429 convitium
491 3374 682 3432 istud:

443 3480 506 3524 Οὔ
525 3481 601 3536 μέν
620 3500 698 3538 μευ
719 3483 896 3536 ζώοντος
915 3480 1096 3537 ἀκήδεις,
1117 3481 1233 3525 ἀλλὰ
1254 3482 1466 3527 θάνοντος.

836 3627 857 3649 ‘³
891 3620 943 3663 Il.
966 3621 1088 3664 xxiii.
1111 3630 1183 3678 59.
