2320 4126
186 293 344 326 PRAEL.
368 293 440 325 111.
582 272 774 335 attinet,
804 275 972 325 variata
998 273 1214 325 rationes
1240 271 1551 340 oedvficandi.
1879 272 1948 325 35

192 435 368 491 opere
397 435 572 490 quam
604 416 1054 483 delicatissim03
1099 434 1345 490 quarum
1379 417 1541 491 quasi
1572 417 1750 484 fibrae,
1775 417 1945 472 folio-—

194 531 321 567 rum
351 512 586 580 similes,
617 532 735 567 non
766 519 1056 587 vagantur
1085 512 1199 568 illae
1229 512 1488 585 quidem,
1519 512 1706 568 libere
1744 519 1942 568 tamen

193 608 308 663 huc
343 607 483 663 illuc
514 607 801 664 feruntur.
889 608 1095 663 Totius
1144 615 1345 663 autem
1386 607 1624 663 fabricae
1663 608 1945 673 ordinem,

192 722 530 777 nexumque
569 703 845 777 partium,
875 703 916 758 ii
961 704 1072 777 ipsi
1110 703 1208 776 qui
1255 702 1664 769 condiderunt,
1696 703 1946 775 majores

192 801 395 867 nostri,
425 800 843 876 religiosissimi
873 800 1160 865 homines,
1184 799 1245 853 in
1275 798 1387 854 hoc
1417 799 1567 854 verti
1599 799 1947 865 voluerunt3

192 903 259 950 ut
310 915 554 970 quaeque
605 915 737 970 pars
789 915 858 952 eo
910 894 1249 968 respiceret,
1303 913 1418 968 quo
1472 895 1670 950 omnia
1726 895 1946 968 ubique

192 992 393 1048 referri
453 999 786 1066 oporteret;
845 991 918 1048 ad
977 992 1103 1065 ipsa
1154 990 1432 1046 videlicet
1475 990 1710 1063 Templi
1770 1009 1947 1064 pene-

194 1088 381 1154 tralia,
414 1095 475 1143 et
506 1089 938 1144 sanctissimum
971 1086 1116 1142 illud
1153 1085 1438 1160 Adytum,
1470 1104 1586 1159 quo
1617 1084 1764 1140 nihil
1794 1084 1948 1141 infra

194 1183 407 1238 coelum
456 1184 724 1238 divinius
814 1181 1175 1249 Quinetiam,
1229 1182 1384 1254 quod
1439 1182 1728 1246 omnibUS,
1775 1188 1947 1255 quot-

193 1285 337 1353 quot
367 1284 521 1343 sunt,
553 1276 832 1350 Templis,
865 1285 1033 1332 terna
1059 1275 1234 1332 Atria
1265 1277 1678 1332 constituenda
1707 1296 1946 1332 curave-

193 1382 346 1439 runt,
379 1372 688 1430 Orientem
727 1389 926 1428 versus
966 1372 1327 1446 spectantia3
1374 1379 1503 1427 tum
1544 1372 1701 1445 quod
1732 1372 1943 1428 Turres
1994 1448 1996 1450 ι

195 1471 334 1525 istas
356 1468 708 1544 gracillimas
737 1468 1168 1542 excogitarunt,
1193 1474 1366 1524 acuto
1390 1468 1639 1543 fastigiO,
1664 1472 1943 1543 tanquam

196 1566 400 1640 digito,
440 1563 765 1620 coelestium
814 1563 1026 1627 indice,
1065 1563 1126 1618 in
1172 1563 1521 1619 immensam
1566 1563 1944 1619 altitudinem

195 1667 426 1726 erect03
471 1657 738 1732 nunquid
769 1658 926 1714 aliud
973 1658 1152 1714 fuisse
1191 1658 1247 1713 in
1293 1676 1467 1714 causa
1497 1660 1737 1733 putatis,
1770 1679 1944 1732 quam

194 1762 458 1811 mentem
502 1753 881 1828 religionibus
927 1754 1218 1809 intentam
1263 1772 1331 1809 ac
1377 1755 1672 1811 defixam?
1731 1755 1947 1829 impor-

197 1852 395 1906 tunius
454 1848 693 1914 scilicet,
756 1856 820 1903 ut
882 1848 1150 1905 nonnulli
1216 1849 1592 1914 arbitrantur,
1654 1852 1754 1906 sed
1817 1858 1944 1906 erat

198 1947 391 2002 defixa
420 1952 641 2001 tamen.

282 2041 508 2097 Possim
555 2058 791 2114 quoque
839 2039 1023 2096 fusius
1076 2041 1387 2116 explicare,
1430 2061 1603 2116 quam
1655 2044 1947 2116 exquisite

198 2137 449 2212 plurima
496 2136 864 2201 variaverint,
903 2143 1080 2210 prout
1120 2136 1366 2194 affectus
1408 2139 1496 2194 sui
1550 2138 1810 2205 tulerint,
1862 2141 1951 2194 in·-

195 2232 578 2309 geniosissimi
623 2231 876 2305 opifices
910 2239 971 2287 et
1004 2231 1208 2290 Poetis
1238 2233 1360 2288 fere
1397 2235 1684 2300 omnibuS,
1719 2234 1947 2306 (eorum

196 2347 339 2402 pace
370 2328 661 2403 dixerim,)
693 2328 880 2402 magis
913 2326 1158 2385 Poetici.
1246 2328 1516 2396 Quorum
1546 2330 1703 2385 inter
1741 2349 1949 2386 monu-

197 2430 399 2479 menta
428 2442 557 2497 quae
590 2424 776 2497 primo
806 2431 943 2478 sunt
984 2424 1221 2480 condita
1261 2425 1523 2480 animum
1565 2440 1846 2500 magnum
1887 2433 1949 2480 et

199 2526 478 2585 erectum,
510 2526 571 2574 et
602 2517 896 2575 levissima
926 2538 1170 2592 quaeque
1200 2526 1699 2586 contemnentem,
1725 2521 1947 2594 optime

199 2622 260 2670 et
304 2614 603 2671 declarant
647 2621 708 2669 et
753 2615 1050 2671 excitant:
1114 2614 1441 2670 recentiora
1483 2615 1695 2688 partim
1750 2615 1946 2688 nescio

198 2729 313 2783 qua
363 2709 675 2765 dulcedine
732 2710 964 2783 piorum
1026 2716 1256 2765 mentes
1307 2728 1505 2765 coram
1550 2708 1681 2765 Deo
1726 2710 1948 2776 fovent,

199 2807 414 2880 partim
458 2804 767 2879 splendore
814 2805 1067 2878 quodam
1114 2805 1345 2869 docent,
1388 2803 1656 2879 Benigno
1696 2805 1947 2861 Numini

200 2920 236 2956 a
264 2902 415 2956 veris
444 2900 767 2956 cultoribus
797 2899 944 2955 nihil
976 2919 1092 2955 non
1125 2898 1447 2975 largissime
1478 2901 1833 2957 donandum.

287 2995 404 3052 Sed
449 3015 519 3051 ea
560 2994 971 3069 praetermittO,
1003 3013 1077 3050 ne
1113 2994 1354 3070 longum
1386 2993 1615 3051 faciam.
1707 2995 1946 3052 Etenim

201 3090 455 3147 rationes
495 3090 806 3147 nonnullas
841 3091 993 3146 mihi
1021 3092 1145 3165 jam
1192 3090 1460 3147 attulisse
1491 3091 1706 3156 videor,
1739 3110 1844 3147 cur
1886 3098 1947 3146 et

201 3185 357 3258 apud
388 3183 766 3241 Architectos
805 3185 1016 3241 Poesin
1061 3185 1316 3259 aliquam
1365 3204 1490 3241 esse
1539 3185 1946 3250 concedamus,

205 3286 267 3334 et
322 3298 452 3334 eam
511 3279 910 3355 intelligamus
962 3279 1192 3346 Poesin,
1239 3299 1373 3353 quae
1424 3280 1717 3335 ferventes
1768 3280 1943 3335 animi

205 3392 405 3430 sensus
435 3375 597 3447 quasi
628 3393 733 3448 per
761 3375 1063 3431 involucra
1092 3374 1382 3431 ostendat.

292 3562 529 3620 Melicis
570 3573 769 3621 autem
814 3568 950 3640 quid
998 3586 1108 3622 usu
1143 3568 1355 3634 veniat,
1401 3585 1517 3622 non
1557 3565 1760 3621 multis
1803 3563 1949 3620 mihi

1040 3678 1079 3716 D
1114 3681 1146 3716 2
