2320 4126
326 194 437 245 312
542 195 841 250 Promethei
864 216 1115 251 summam
1140 217 1239 252 non
1266 200 1574 274 inphysicis
1597 204 1742 256 veni.
1783 223 1944 259 PRAEL.
1966 223 2120 260 xvm.

328 348 603 400 tentatur
647 351 710 401 et
756 351 1022 402 ornatur.
1132 345 1460 403 Nimirum·
1504 346 1598 420 (ut
1659 368 1799 406 cum
1859 349 2122 428 Virgilio

327 440 669 520 loquamur)
747 450 782 475 ‘⁶
807 443 993 502 Pater
1060 446 1188 520 ipse
1250 444 1521 503 colendi”
1594 445 1688 520 (ut
1747 456 1811 506 et
1871 449 2123 511 aliarum

327 542 575 618 artium)
612 548 647 581 ‘⁵
670 543 834 605 haud
866 543 1110 601 facilem
1142 562 1272 602 esse
1303 545 1463 606 viam
1496 543 1740 607 voluit”.
1775 591 1787 603 .
1823 591 1836 609 ‚

631 686 713 736 ssle
735 689 909 732 malum
930 688 1055 733 virus
1079 688 1368 747 serpentibus
1390 688 1566 734 addidit
1589 690 1713 743 atris,

631 761 921 821 Praedarique
940 763 1074 820 lupos
1090 762 1243 820 jussit,
1266 769 1553 821 pontumque
1573 764 1762 816 moveri,

628 835 859 895 Mellaque
882 836 1083 881 decussit
1104 836 1239 888 foliis,
1261 836 1507 895 ignemque
1528 836 1738 889 removit,

629 907 690 953 Et
709 908 883 968 passim
905 908 1012 953 rivis
1034 908 1266 952 currentia
1287 908 1393 956 vina
1413 908 1643 967 repressit.

322 1040 531 1100 Verbo
571 1042 805 1112 dicam3
850 1061 959 1118 per
1005 1042 1307 1099 immitem
1352 1041 1574 1100 Jovem
1620 1042 1941 1121 significari
1985 1062 2127 1101 con-

312 1140 488 1216 jiciat
518 1140 733 1217 aliquis
765 1142 1006 1199 vivendi
1040 1141 1473 1210 conditionem,
1507 1148 1807 1218 quatenus
1829 1141 2126 1201 utilitates

322 1249 386 1299 et
417 1243 738 1301 commoda
768 1263 970 1301 rerum
1001 1242 1400 1323 plurimarum
1424 1244 1685 1302 removit
1716 1245 1779 1302 in
1803 1244 2126 1303 obscurum

323 1350 386 1400 et
439 1344 500 1400 in
555 1343 952 1421 longinquum
1006 1351 1255 1402 natura:
1318 1343 1720 1403 Prometheus
1772 1351 1996 1413 autem,
2046 1365 2126 1403 ex

322 1444 534 1501 eadem
568 1442 673 1500 illa
717 1444 973 1512 ratione,
1018 1443 1236 1518 ecquid
1281 1442 1619 1520 aliud'prae
1665 1463 1728 1501 se
1774 1443 1910 1513 fert,
1941 1451 2126 1521 atque

324 1541 446 1598 vim
492 1540 661 1598 illam
703 1541 1121 1610 inventricem,
1160 1539 1312 1598 caelo
1354 1540 1545 1599 ferme
1588 1541 1913 1618 delapsam,
1955 1542 2126 1618 cujus

322 1660 437 1717 ope
486 1648 580 1698 tot
619 1647 781 1698 artes
811 1646 939 1698 tam
983 1628 1297 1717 ingeniose
1338 1641 1767 1718 excogitarunt
1815 1640 1928 1698 sibi
1968 1659 2128 1698 mor-

323 1739 521 1798 tales?
600 1740 751 1810 Quae
797 1739 1083 1816 quoniam
1129 1758 1291 1808 cura,
1330 1746 1519 1808 metU,
1559 1738 1961 1808 solicitudine,
2003 1746 2127 1796 tor-

321 1840 487 1915 queri
524 1838 680 1897 solet
711 1839 874 1897 omni
905 1842 1218 1915 tempore3
1265 1857 1462 1915 eoque
1490 1839 1699 1917 magis,
1723 1858 1843 1916 quo
1874 1839 2127 1916 quisque

322 1939 560 2016 longius
590 1939 949 2016 processerit
979 1939 1043 1995 in
1075 1938 1270 1996 causis
1301 1957 1501 2001 rerum
1534 1938 1891 2016 indagandis
1923 1939 2126 2015 (juxta

318 2039 470 2100 illud
502 2038 727 2101 oraculi
760 2038 1119 2097 sanctissimi
1152 2033 1456 2106 effatumb,
1487 2038 1518 2094 ὁ
1551 2037 1882 2118 προσ-τίθεις
1914 2040 2122 2114 γνῶσιν

320 2141 640 2218 προσθήσει
687 2136 985 2215 ἄλγημα);
1054 2137 1191 2194 ideo
1243 2136 1611 2195 Promethea
1657 2136 1914 2214 legimus
1962 2135 2122 2214 affigi

318 2238 585 2315 scopulo,
619 2237 850 2295 onerari
883 2236 1130 2302 catenis,
1162 2236 1436 2312 quotidie
1467 2236 1841 2294 atrocissimo
1865 2233 2122 2292 vulturis

319 2356 523 2395 morsu
553 2336 819 2394 lacerari.
911 2333 1035 2393 Sed
1072 2335 1136 2391 in
1179 2333 1272 2392 his
1314 2353 1435 2392 non
1466 2333 1617 2414 libet
1659 2332 1840 2390 hodie
1869 2331 2122 2401 morari;

318 2454 516 2510 neque
547 2434 710 2497 enim
741 2432 1015 2500 arbitror,
1046 2432 1307 2510 physicis
1331 2432 1393 2489 in
1424 2432 1605 2489 rebus
1628 2429 1892 2488 multum
1926 2429 2122 2505 operis

316 2533 587 2609 posuisse
622 2530 997 2609 AEschylum.
1087 2529 1186 2589 Ac
1220 2529 1349 2587 fieri
1391 2529 1615 2606 potuit,
1658 2534 1729 2585 ut
1768 2528 1838 2596 is,
1871 2526 2123 2603 quicun-

318 2650 436 2706 que
478 2631 707 2708 primus
744 2630 995 2688 excudit
1035 2629 1380 2686 universam
1422 2628 1600 2685 istam
1640 2626 1715 2684 de
1751 2624 2120 2683 Prometheo

317 2729 606 2799 fabulam,
638 2728 725 2786 nil
771 2736 995 2806 praeter
1038 2735 1199 2786 artes
1245 2726 1603 2804 cogitaverit
1649 2732 1713 2782 et
1758 2724 1897 2781 vitae
1940 2723 2121 2800 hujus

317 2829 690 2905 quotidianae
721 2829 1055 2887 rationem:
1102 2833 1166 2885 at
1197 2846 1339 2885 vero
1361 2823 1648 2902 AEschylo
1678 2823 1792 2901 ipsi
1823 2824 1885 2880 in
1916 2822 2119 2881 animo

316 2928 499 2986 fuisse
549 2929 790 3006 gravius
839 2928 1126 3004 quiddam
1179 2939 1365 3010 atque
1417 2924 1701 2993 sanctiUS,
1750 2921 1900 2981 mihi
1953 2928 2119 2981 certe

316 3027 834 3103 persuasissimum
866 3034 980 3085 est.

407 3125 656 3188 Nedum
691 3144 831 3183 cum
862 3125 935 3183 iis
967 3125 1245 3192 sentiam,
1279 3124 1327 3182 si
1358 3124 1461 3200 qui
1494 3123 1593 3181 vel
1622 3122 1722 3180 hic
1753 3120 1850 3179 vel
1881 3121 1944 3177 in
1984 3119 2119 3179 aliis

315 3224 646 3302 Tragoediis
678 3224 951 3281 divinum
984 3222 1213 3282 Vatem
1245 3222 1410 3302 loqui
1452 3227 1852 3280 autumantur
1891 3238 1968 3277 ex
1999 3219 2119 3276 for-

317 3323 483 3380 mula
523 3324 780 3399 quadam
824 3321 1173 3399 reipublicae
1203 3321 1712 3388 administrandae,
1744 3326 1928 3395 atque
1964 3318 2116 3375 adeo

314 3422 616 3505 praecipue
637 3422 855 3480 versari
875 3422 1033 3479 circa
1051 3439 1263 3498 regum
1284 3420 1629 3495 ducumque
1648 3417 1859 3477 officia.
1895 3415 2116 3477 Fateor

1026 3634 1047 3664 b
1080 3634 1253 3677 Eccles.
1276 3633 1305 3677 i.
1335 3633 1403 3677 18.
