2320 4126
336 248 339 251 '
409 239 517 290 180
695 238 777 290 De
799 256 950 309 specu
976 237 1346 309 Nympharum
1371 238 1430 289 in
1455 238 1497 289 I
1494 237 1655 290 thacoe
1681 237 1865 291 bittore.
1942 255 2102 288 PRAEL.
2131 256 2204 288 xl.

407 385 672 460 inquam,
706 384 840 443 Dea
870 388 1073 443 velum
1104 386 1313 462 aperit,
1346 395 1410 443 et
1441 385 1646 463 digitis
1677 384 1885 443 ordine
1907 394 2204 443 monstrat

407 484 679 542 omniaq:
954 558 958 564 Δ

645 586 746 631 ἀλλ’
770 586 849 646 ἄγε
870 605 937 631 τοι
959 587 1089 642 δείξω
1109 585 1281 643 Ἰθάκης
1302 586 1416 639 ἕδος,
1440 585 1563 645 ὄφρα
1582 586 1808 644 πεποίθης·

648 659 867 720 Φορκύνος
887 661 967 719 μὲν
989 659 1052 704 ὅδ’
1077 660 1176 706 ἐστὶ
1196 660 1344 718 λιμὴν,
1367 660 1512 705 ἁλίοιο
1533 661 1754 721 γέροντος·

644 734 720 791 ἥδε
743 732 780 778 δ’
805 734 876 779 ε’πὶ
899 736 1058 793 κρατὸς
1077 733 1255 792 λιμένος
1275 733 1564 793 τανύφυλλος
1585 734 1727 792 ε’λαίη·

645 807 807 866 ἅγχοθι
825 806 864 852 δ’
886 809 1017 865 αὐτῆς
1039 807 1198 867 ἄντρον
1221 807 1453 868 ἐπήρατον,
1476 806 1708 868 ἠεροειδὲς,

644 881 741 940 ἵρον
763 882 1008 941 Νυμφάων,
1025 884 1070 926 αἱ
1092 882 1280 940 Νηίαδες
1301 883 1544 928 καλέονται·

643 959 774 1001 τοῦτο
796 956 847 1001 δέ
865 975 934 1002 τοι
957 956 1097 1004 σπέος
1118 957 1217 1002 ἐστὶ
1239 956 1497 1017 κατήρεφες,
1521 957 1624 1003 ἔνθα
1647 957 1705 1002 σὺ
1726 957 1900 1002 πολλὰς

645 1030 853 1090 ἔρδεσκες
874 1029 1094 1090 Νύμφῃσι
1115 1030 1367 1088 τεληέσσας
1387 1032 1646 1089 ἑκατόμβας·

643 1108 776 1151 τοῦτο
798 1106 846 1150 δὲ
869 1104 1074 1166 Νὴρυτόν
1096 1106 1233 1159 ἐστιν,
1256 1105 1359 1166 ὅρος
1380 1106 1658 1164 καταείμενον
1678 1104 1778 1163 ὕλῃ·

706 1181 763 1227 ὣς
785 1180 972 1227 εἵπουσα
994 1181 1072 1226 θέα
1096 1180 1278 1226 σκέδασ’
1303 1180 1422 1241 ἠέρα·
1458 1178 1612 1227 ε’ίσατο
1634 1180 1681 1226 δὲ
1702 1180 1837 1240 χθών·

643 1253 841 1314 γήθησεν
861 1254 898 1300 δ’
922 1254 989 1315 ἄρ’
1014 1256 1164 1301 ἔπειτα
1184 1255 1415 1303 πολύτλας
1436 1256 1533 1303 δῖος,
1546 1255 1812 1308 Ὀδυσσεὺς,

643 1329 810 1389 χαίρων
830 1326 860 1387 ᾗ
880 1329 998 1390 γαίῃ·
1032 1329 1140 1376 κύσε
1163 1330 1211 1375 δὲ
1235 1331 1441 1390 ζείδωρον
1462 1330 1669 1390 ἄρουραν.

642 1406 794 1448 αὔτικα
817 1403 864 1448 δὲ
887 1402 1080 1464 Νύμφῃς
1100 1402 1314 1462 ἠρήσατο,
1336 1407 1490 1463 χεῖρας
1509 1404 1731 1463 ἅνάσχων·
1805 1404 1807 1406 ’

646 1477 832 1537 Νύμφαι
856 1479 1058 1536 Νηῖάδες,
1082 1482 1233 1538 κοῦραι
1256 1479 1375 1532 Διὸς,
1400 1477 1548 1523 οὔποτ’
1569 1475 1713 1538 ἔγωγε

644 1551 810 1611 ὄψεσθ’
832 1551 934 1610 ὔμμ’
959 1552 1146 1612 ἐφάμην·
1182 1555 1257 1598 νῦν
1280 1552 1316 1597 δ’
1341 1552 1567 1612 εὐχωλῆσ’
1591 1553 1809 1612 ἀγανῇσιν

642 1625 824 1684 χαίρετ’·
858 1626 969 1686 ἀτὰρ
991 1627 1061 1671 καὶ
1085 1627 1203 1686 δῶρα
1225 1626 1486 1685 διδώσομεν,
1511 1627 1568 1673 ὡς
1588 1628 1639 1671 τὸ
1660 1627 1802 1685 πάρος
1821 1644 1920 1685 περ.

402 1729 815 1788 Luculentum
847 1751 991 1789 sane
1020 1732 1277 1809 picturae
1308 1751 1533 1810 genus:
1582 1733 1680 1790 cui
1716 1739 1923 1790 tamen
1961 1731 2200 1789 officere

398 1836 620 1908 putant
672 1830 967 1901 nonnulli,
1013 1832 1175 1908 quod
1227 1831 1320 1890 bis
1369 1831 1627 1889 eandem
1675 1832 2026 1910 speluncam
2087 1829 2199 1906 (ita

398 1932 562 1989 enim
593 1933 1098 2009 interpretantur)
1135 1932 1411 1990 nominat
1443 1930 1668 1991 Poeta:
1701 1930 1919 2012 ἄγχοθι
1953 1930 1996 1990 δ’
2031 1931 2201 1998 αὐτῆς

398 2020 617 2111 ἄντρον.
659 2031 963 2111 ἐπήραΤΟν,
1018 2038 1082 2089 et
1141 2039 1298 2109 post,
1351 2036 1531 2090 Τοῦτο
1586 2029 1644 2089 δέ
1699 2057 1791 2090 ’ΤΟί
1852 2030 2025 2094 σπέος
2073 2029 2200 2088 ἐστὶ

396 2129 727 2211 κατηρεφές.
818 2130 976 2187 Rem
1008 2130 1309 2188 inutiliter
1338 2131 1531 2207 repeti
1574 2130 1985 2189 criminantur.
2075 2128 2199 2187 Sed

398 2249 612 2287 vereor
637 2249 714 2288 an
736 2249 858 2288 non
883 2231 1026 2289 satis
1056 2229 1474 2288 intellexerint
1505 2231 1648 2306 quid
1680 2230 1794 2290 sibi
1818 2230 2077 2289 voluerit
2099 2229 2200 2287 hic

398 2329 514 2387 loci
548 2328 872 2388 Homerus.
952 2328 1118 2388 Nam
1149 2328 1269 2398 ille,
1301 2337 1371 2386 ut
1403 2331 1661 2399 videtur,
1693 2331 1819 2388 sive
1849 2329 2199 2388 recordatus

398 2436 490 2487 est
522 2429 648 2487 sive
680 2429 793 2487 sibi
824 2428 1005 2486 finxit
1047 2428 1345 2506 ejusmodi
1392 2428 1584 2499 littus,
1631 2430 1694 2487 in
1739 2449 1859 2506 quo
1906 2430 2036 2488 cavi
2078 2430 2198 2487 duo

398 2529 518 2586 sint
571 2529 912 2587 anfractus:
989 2547 1245 2606 quorum
1307 2527 1464 2586 alter
1509 2528 1702 2586 altero
1753 2529 2062 2587 obscurior
2120 2529 2198 2586 sit

397 2635 582 2705 atque
633 2628 900 2697 interior,
954 2635 1017 2685 et
1069 2628 1367 2686 sanctiore
1420 2628 1681 2705 quadam
1734 2627 2025 2706 religione
2077 2646 2199 2685 ser-

399 2736 604 2787 vatus:
653 2749 836 2806 quem
869 2735 931 2786 et
960 2728 1082 2808 ‘lpov
1114 2726 1414 2807 Νυμφάων
1438 2725 1644 2809 ἄντρον
1668 2727 1968 2805 appellat:
2015 2747 2196 2804 quem

398 2839 461 2887 et
493 2830 620 2906 ipse
651 2835 832 2888 antea
862 2828 1214 2886 suavissimo
1245 2828 1512 2886 carmine
1545 2829 1965 2905 depinxeratr:

641 2966 688 3011 ἐν
708 2965 755 3010 δὲ
777 2965 986 3025 κρητῆρές
1005 2985 1053 3011 τε
1076 2966 1146 3009 καὶ
1165 2964 1450 3024 ἀμφιφορῆες
1470 2962 1596 3012 ε’άχσιν

639 3037 798 3085 λαΐνοι·
830 3037 937 3085 ἔνθα
958 3039 996 3084 δ’
1017 3037 1171 3085 ἔπειτα
1191 3040 1550 3094 τιθαιβώσσουσι
1569 3039 1802 3099 μελίσσαι·

642 3114 689 3159 ἐν
711 3112 748 3158 δ’
767 3113 889 3159 ἰ’στοι
910 3113 1053 3158 λίθεοι
1073 3112 1346 3172 περιμήκεες,
1369 3113 1474 3158 ἔνθα
1493 3133 1543 3158 τε
1564 3112 1753 3174 Νύμφαι

640 3186 770 3247 φάρε’
791 3187 1057 3247 ὑφαίνουσιν
1077 3186 1380 3246 ἁλιπόρφυρα,
1405 3187 1549 3244 θαῦμα
1571 3186 1758 3232 ἰδέσθαι·

642 3261 688 3306 ἐν
710 3259 747 3306 δ’
764 3258 884 3305 ὕδατ’
907 3259 1130 3306 ἀενάοντα·
1165 3258 1253 3304 δύω
1276 3259 1323 3304 δέ
1344 3257 1391 3304 τέ
1413 3261 1454 3303 οἶ
1475 3258 1603 3318 θύραι
1622 3260 1751 3306 εἰσίν·

641 3335 685 3378 αἱ
705 3333 786 3391 μὲν
804 3335 917 3393 πρὸς
939 3332 1120 3394 Βορέαο,
1144 3333 1402 3388 καταιβαταὶ
1421 3332 1734 3392 ἀνθρώποισιν,

641 3410 685 3452 αἱ
708 3407 744 3453 δ’
768 3408 823 3453 αὖ
842 3410 953 3467 πρὸς
974 3410 1121 3453 Νότου
1143 3408 1248 3461 εἶσὶ,
1270 3406 1492 3467 θεωτέραι·
1527 3406 1628 3453 οὐδέ
1650 3427 1691 3453 τι
1713 3409 1828 3465 κείνῃ

642 3482 797 3541 ἄνδρες
818 3481 1094 3542 ἐσέρχονται,
1116 3480 1220 3526 ἀλλἸ
1244 3481 1471 3527 ἀθανάτων
1491 3480 1593 3528 ὅδος
1614 3481 1753 3527 ἐστιν.

640 3690 666 3721 ‘²
696 3681 788 3727 Od.
811 3682 904 3726 xiii.
929 3697 1033 3740 344.
1688 3689 1702 3707 ¹
1732 3681 1826 3726 xiii.
1854 3694 1957 3739 105.
