2320 4126
349 224 461 276 222
662 205 666 208 Δ
711 221 977 276 Modestia
1009 222 1304 285 Poetarum,
1331 240 1368 274 a
1382 214 1527 292 plebe
1550 222 1790 275 alienior.
1849 241 2012 275 PRAEL.
2038 242 2154 275 xm.

351 370 655 447 pertinere
697 369 1034 428 videantur.
1126 368 1334 427 Unum
1386 369 1676 437 omnium,
1719 370 1821 445 qui
1868 368 1982 428 hac
2028 390 2155 429 me-

349 469 543 526 moria
580 468 925 545 viguerunt,
958 466 1136 524 facile
1181 466 1513 542 principem
1560 467 1809 544 agnovit
1852 468 2156 544 popularis

349 587 510 635 aura,
543 584 727 642 quem
768 565 1013 623 honoris
1055 583 1237 622 causa
1279 565 1674 633 nominarem,
1708 566 1770 623 ni
1809 567 2154 626 facundiam

350 683 544 734 suam,
555 665 799 740 vimque
817 663 1043 741 ingenii
1066 661 1276 720 multis
1286 663 1639 740 magnisque
1649 662 1966 722 foedaverit
1979 667 2155 735 vit-iis,

347 781 473 820 non
502 762 684 819 modo
718 768 858 818 vate
901 775 1089 830 sacrO,
1124 759 1227 816 sed
1268 778 1346 816 ne
1382 759 1629 818 homine
1660 760 1905 836 quidem
1938 762 2157 821 tolera-

350 857 459 920 bili
503 859 715 937 dignis.
808 858 870 916 Is
914 859 1115 936 igitur,
1154 866 1225 915 ut
1270 858 1458 917 libere
1498 860 1659 935 quod
1706 860 1902 918 sentio
1941 863 2156 932 dicam,

351 959 520 1017 nulla
566 978 630 1016 re
676 964 803 1015 tam
855 957 1246 1015 vehementer
1298 976 1404 1015 sua
1455 959 1722 1016 carmina
1768 959 1948 1037 vulgo
1995 981 2158 1019 com-

353 1058 679 1125 mendavit,
734 1075 917 1133 quam
971 1056 1134 1132 quod
1183 1057 1439 1114 dicenda
1491 1059 1749 1115 tacenda
1801 1060 2156 1135 profuderit,

352 1156 729 1234 rapidissimo
775 1155 1096 1213 verborum
1144 1174 1214 1213 ac
1266 1156 1706 1214 sententiarum
1759 1165 1927 1215 aestu,
2018 1159 2158 1237 Ipsa

352 1257 559 1333 itaque
610 1255 1054 1324 inverecundia,
1115 1261 1316 1331 atque,
1371 1262 1440 1312 ut
1500 1256 1588 1313 ita
1646 1254 1863 1326 dicam,
1916 1257 2157 1328 ferocia,

353 1355 682 1414 lectoribus
712 1354 943 1431 placuit
974 1354 1100 1412 sive
1137 1354 1455 1423 inertibUS,
1488 1355 1613 1412 sive
1652 1356 1839 1413 animi
1881 1376 2059 1415 causa
2095 1358 2159 1415 in

353 1455 624 1513 versibus
654 1453 928 1532 legendis
958 1453 1142 1512 breve
1173 1453 1478 1530 quoddam
1504 1460 1746 1530 tempus
1771 1456 2155 1531 ponentibus.

355 1555 531 1614 Idem
562 1574 640 1613 ex
673 1553 933 1612 formula
968 1561 1175 1613 nostra
1214 1555 1417 1612 nescio
1458 1573 1536 1612 an
1576 1553 1755 1631 plane
1787 1555 2158 1632 dejiciendus

354 1656 435 1714 sit
463 1655 541 1712 de
571 1653 763 1732 gradu
794 1667 1096 1731 germanae
1119 1673 1189 1711 ac
1213 1648 1510 1730 primariae
1535 1652 1834 1712 Poeseos:
1868 1655 2038 1731 cujus
2063 1653 2159 1713 vel

354 1753 664 1831 praecipua
706 1769 843 1829 pars
889 1758 1000 1821 est,
1046 1771 1118 1810 ea
1164 1752 1383 1828 quibus
1436 1751 1629 1810 fervet
1690 1753 1927 1811 animus
1979 1742 2158 1830 parce

353 1852 700 1929 aliquandO,
732 1858 797 1908 et
827 1850 998 1927 quasi
1029 1870 1137 1928 per
1165 1851 1469 1929 ambages,
1502 1850 1733 1909 efferre.

442 1951 680 2012 Verum
734 1950 899 2007 hunc
960 1950 1313 2009 mittamus:
1379 1950 1454 2008 de
1514 1963 1633 2027 quo
1693 1970 1801 2028 per
1857 1971 1958 2009 me
2015 1952 2160 2011 licet

344 2052 584 2129 judicet
628 2051 882 2127 quisque
927 2055 997 2106 ut
1043 2048 1240 2107 volet:
1292 2050 1474 2106 modo
1521 2049 1578 2106 vi
1624 2049 1896 2108 formulae
1941 2058 2158 2110 nostrae

355 2150 739 2217 concedatur,
771 2163 983 2206 verum
1019 2162 1089 2205 ac
1129 2147 1468 2224 perfectum
1501 2147 1757 2206 Poetam
1797 2149 2007 2208 multis
2048 2151 2161 2208 im-

356 2248 635 2326 peditum
694 2246 889 2304 teneri
948 2246 1359 2324 religionibus,
1419 2265 1498 2304 ne
1556 2246 1757 2323 palam
1818 2255 1882 2305 et
1952 2255 2159 2325 aperte

357 2347 642 2424 loquatur
672 2365 759 2414 ea,
792 2365 923 2422 quae
967 2345 1225 2423 populus
1266 2364 1421 2422 aegre
1453 2343 1694 2402 silentio
1726 2345 1880 2403 ferat
1919 2354 2162 2422 praeter-

356 2446 540 2504 mitti.
631 2445 730 2503 Ex
782 2465 902 2521 quo
957 2444 1233 2514 efficitur,
1289 2443 1540 2501 minime
1595 2463 1736 2501 eum
1789 2463 1927 2501 cum
1977 2445 2158 2523 vulgo

356 2545 639 2622 imperito
681 2545 927 2603 sentire.
1020 2543 1381 2619 Propensior
1421 2543 1608 2620 igitur
1653 2561 1782 2601 esse
1814 2544 2061 2602 debebit
2097 2546 2159 2603 in

358 2663 493 2702 eam
553 2644 814 2702 civitatis
873 2649 1128 2721 partem,
1188 2661 1322 2718 quae
1381 2662 1417 2700 a
1475 2641 1656 2720 vulgo
1717 2643 1795 2700 sit
1854 2645 2157 2702 remotior,

359 2741 552 2821 Vulgi
597 2749 804 2801 autem
849 2741 1096 2799 nomine
1136 2739 1467 2817 appellabit
1512 2759 1632 2798 non
1669 2740 1911 2818 plebem
1952 2742 2157 2811 solam,

358 2861 569 2900 verum
600 2842 786 2900 etiam
818 2858 1029 2898 omnes
1061 2839 1334 2897 omnium
1367 2841 1664 2909 ordinum,
1696 2841 2040 2917 quicunque
2082 2843 2158 2900 ad

359 2959 618 2998 crassam
647 2940 803 2998 hanc
834 2938 1167 2996 utilitatem
1199 2958 1327 2996 rem
1360 2958 1664 3015 quamque
1695 2939 1902 2997 referri
1926 2940 2157 2998 volunt.

362 3036 641 3096 Maxime
672 3053 813 3094 vero
857 3036 1165 3094 adamabit
1211 3056 1302 3105 ea,
1340 3057 1448 3114 per
1477 3057 1609 3114 quae
1652 3039 1909 3114 majores
1952 3040 2158 3108 nostri,

358 3135 568 3194 multis
612 3155 853 3212 quoque
899 3134 1130 3193 saeculis
1176 3132 1499 3206 demortui,
1544 3135 1828 3194 videntur
1871 3137 2160 3214 quodam-

357 3234 540 3292 modo
579 3234 915 3292 etiamnum
956 3232 1137 3291 rebus
1177 3233 1502 3291 interesse:
1552 3253 1769 3302 mores,
1801 3234 1982 3312 leges,
2020 3235 2157 3293 reli-

354 3332 567 3411 giones
610 3332 922 3410 publicas:
977 3350 1090 3390 nec
1136 3332 1263 3391 sine
1307 3351 1529 3411 magno
1574 3329 1703 3409 ejus
1749 3332 1955 3392 dolore
2000 3334 2159 3411 quis-

356 3451 539 3508 quam
571 3450 643 3489 ea
674 3431 926 3490 violabit
958 3439 1021 3489 et
1050 3438 1424 3490 contemnet.

449 3537 483 3562 ‘⁶
509 3528 599 3587 At
644 3530 809 3590 enim
848 3530 1190 3588 extiterunt
1234 3531 1480 3609 egregio
1518 3530 1764 3588 nomine
1797 3529 2021 3599 Poetae,
2053 3532 2155 3607 qui

362 3648 485 3688 non
505 3627 701 3686 solum
721 3628 1105 3705 pertulerunt
1129 3629 1482 3707 popularem
1506 3630 1651 3707 reip.
1677 3636 1925 3699 statum,
1946 3648 2153 3688 verum
