2320 4126
333 211 445 265 348
557 211 878 268 sublimiora
903 215 1145 285 quaedam
1168 215 1232 271 de
1252 233 1430 288 ymera
1456 215 1736 280 brutorum,
1839 235 2000 271 PRAEL.
2019 234 2131 269 x1x.

332 360 410 418 ab
463 378 537 418 eo
594 360 723 438 geri
780 360 878 419 vel
937 362 1276 420 carentium
1334 363 1610 433 ratione;
1679 382 1758 422 ne
1816 363 2132 424 minimam

332 458 580 533 quidem
620 458 920 516 aviculam
963 458 1027 515 in
1068 465 1293 518 terram
1323 479 1499 536 posse
1536 460 1772 528 cadere,
1810 461 2003 519 invito
2033 461 2131 520 vel

330 556 626 614 insciente
695 555 988 613 Numine.
1077 554 1290 632 Atque
1351 557 1465 616 hac
1523 577 1646 615 una
1710 577 1775 616 re
1835 565 2130 636 quantum

327 653 662 730 majestatis
701 653 953 711 accedat
982 654 1059 712 ad
1090 672 1163 713 ea
1193 674 1330 731 quae
1362 656 1551 714 oculis
1597 657 1914 725 cernimus,
1947 675 2129 714 nemo

328 757 438 819 est,
492 751 638 827 quin
696 750 918 819 videat,
971 751 1147 810 nobis
1189 753 1552 812 tacentibus.
1659 753 1840 823 Quod
1884 754 1933 811 si
1973 754 2128 812 acci-

327 854 549 930 pitrem
594 852 692 911 vel
738 853 1111 923 leunculum,
1158 854 1236 913 ab
1281 853 1555 914 Homero
1591 856 1957 935 AEschylove
2000 856 2130 915 lau-

328 953 561 1022 datum,
621 971 764 1011 cum
836 952 1066 1010 honore
1125 953 1388 1029 quodam
1448 955 1908 1031 prosequimur3
1983 955 2127 1031 quid

327 1052 587 1110 censetis
617 1071 705 1121 ea,
739 1071 878 1128 quae
910 1052 1132 1110 cecinit
1164 1071 1286 1110 vox
1317 1071 1458 1111 vere
1491 1052 1775 1111 divinal‘?

629 1166 735 1211 ἕθου
758 1167 920 1212 σκότος
941 1166 1011 1210 καὶ
1033 1165 1207 1225 ἐγένετο
1229 1166 1323 1223 νὺξ,

628 1238 676 1283 ἐν
695 1239 803 1296 αὐτῇ
827 1237 1131 1301 διξλεύσονται
1151 1239 1295 1284 πάντα
1315 1240 1370 1284 τὰ
1391 1238 1522 1298 θήρια
1541 1243 1620 1286 τοῦ
1642 1241 1824 1300 δρυμοῦ·

627 1311 813 1370 σκύμνοι
835 1311 1076 1370 ὦρυομένοι
1095 1315 1174 1357 τοῦ
1196 1311 1412 1371 ἁρπάσαι,

628 1384 699 1429 καὶ
722 1385 905 1441 ζητῆσαι
924 1384 1045 1443 παρὰ
1066 1386 1145 1428 τοῦ
1167 1384 1271 1428 θεοῦ
1291 1386 1467 1442 βρῶσιν
1486 1384 1643 1430 αὐτῶν.

625 1455 851 1502 ἀνέτειλον
871 1458 896 1500 ὁ
918 1456 1045 1514 ἥλιος
1065 1456 1135 1500 καὶ
1158 1454 1534 1515 συναχθήσονται,

626 1531 698 1574 καὶ
719 1530 767 1575 ἐν
787 1532 883 1576 ταῖς
902 1529 1112 1587 μάνδραις
1132 1530 1275 1575 αὐτῶν
1296 1529 1681 1586 κοιτασθὴσονται.

625 1601 911 1658 ἐξελεύσεται
932 1601 1161 1661 ἅνθρωπος
1184 1602 1256 1647 ἐπὶ
1277 1603 1329 1647 τὸ
1350 1603 1483 1661 ἔργον
1504 1603 1653 1654 αὐτοῦ,

626 1676 697 1720 καὶ
719 1676 791 1720 ἐπὶ
812 1675 891 1732 τὴν
912 1675 1126 1735 ἐργασίαν
1146 1676 1281 1720 αὐτοῦ
1302 1674 1383 1721 ἕως
1403 1674 1611 1734 ἑσπέρας.

323 1773 651 1834 Videtisne
697 1793 821 1830 non
869 1773 999 1831 sine
1041 1772 1177 1831 Deo
1222 1773 1372 1842 fieri,
1419 1779 1490 1830 ut
1527 1791 1669 1830 curn
1710 1772 1939 1830 diurnis
1974 1772 2128 1831 fera-

321 1891 457 1929 rum
501 1890 742 1948 quoque
791 1870 985 1947 epulis
1033 1871 1378 1946 somnisque
1426 1870 1579 1927 mire
1619 1869 1982 1927 conveniant
2028 1869 2128 1928 vel

319 1970 602 2027 maximae
648 1969 884 2028 orbium
939 1967 1278 2027 caelestium
1331 1966 1793 2026 conversiones?
1862 1965 2127 2025 Proinde

320 2066 606 2125 animalia
651 2065 890 2144 singula
937 2085 1115 2125 suum
1164 2064 1368 2123 locum
1422 2071 1633 2123 tenere
1684 2065 1749 2122 in
1795 2063 2125 2141 multiplici

319 2184 523 2223 rerum
564 2164 748 2222 choro
772 2183 788 2233 3
853 2163 1145 2222 immania
1175 2169 1239 2220 et
1270 2163 1478 2221 odiosa
1513 2163 1579 2220 in
1606 2181 1793 2220 manu
1823 2161 1944 2219 Dei
1974 2179 2123 2230 esse,

319 2282 519 2339 neque
568 2262 661 2320 Eo
714 2262 1100 2338 imprudente
1154 2260 1480 2336 quicquam
1532 2260 1706 2319 nobis
1759 2260 2122 2328 nociturum,

319 2380 518 2437 neque
564 2379 674 2437 per
729 2378 809 2428 se,
869 2376 1069 2435 neque
1119 2378 1229 2435 per
1278 2358 1489 2436 genios
1537 2358 1850 2437 malignQS,
1905 2357 2123 2434 quibus

318 2478 392 2516 ea
421 2459 674 2517 fortasse
703 2476 1137 2534 nonnunquam
1168 2457 1519 2526 inserviunt.

404 2556 606 2614 Immo
635 2557 830 2633 majus
860 2555 1087 2632 aliquid
1117 2574 1188 2613 ac
1219 2555 1501 2622 sanctiu8,
1532 2554 1593 2611 ni
1627 2552 1818 2622 fallor,
1849 2552 2121 2611 indicant

315 2655 490 2714 nobis
549 2655 944 2713 sanctissimae
997 2653 1238 2712 Chartae
1290 2653 1366 2710 de
1424 2653 1705 2710 universo
1761 2669 1983 2728 genere
2034 2651 2122 2708 vi-

316 2754 611 2812 ventium.
702 2751 1044 2810 Didicimus
1091 2752 1275 2820 enim,
1325 2750 1559 2828 Spiritu
1603 2750 1720 2808 oris
1766 2748 1903 2817 Dei,
1958 2766 2119 2805 nunc

315 2852 534 2910 emisso
570 2870 733 2910 nunc
764 2850 935 2926 quasi
974 2856 1253 2917 retractO,
1292 2849 1549 2908 deficere
1586 2855 1650 2906 et
1692 2847 1949 2907 recreari
1993 2846 2121 2905 ani-

316 2950 499 3008 malia
518 2936 547 3009 z*
593 2950 819 3026 quippe
850 2950 927 3007 de
957 2948 1177 3024 quibus
1208 2946 1467 3016 dicatur,

615 3065 867 3111 ἀντανελεῖς
887 3064 938 3109 τὸ
959 3065 1130 3120 πνεῦμα
1150 3063 1306 3115 αὐτῶν,
1330 3062 1400 3106 καὶ
1423 3058 1692 3121 ἐκλείψουσι

616 3138 687 3184 καὶ
709 3138 771 3185 εἷς
791 3139 869 3183 τὸν
887 3139 999 3197 χοῦν
1020 3137 1163 3182 αὐτῶν
1183 3135 1556 3194 ἐπιστρέψουσιν·

615 3213 931 3272 ἐξαποστελεῖς
951 3212 1002 3257 τὸ
1023 3210 1204 3268 Πνεῦμά
1226 3229 1327 3262 σου,
1349 3210 1420 3253 καὶ
1441 3207 1772 3266 κτισθήσονται·

615 3287 685 3331 καὶ
704 3285 964 3332 ἆνακαινιεῖς
984 3285 1035 3330 τὸ
1056 3285 1302 3342 πρόσωπον
1322 3284 1399 3340 τῆς
1418 3284 1515 3340 γῆς.

311 3384 552 3443 Clamat
582 3382 806 3459 alioqui
840 3381 1035 3441 Vates
1066 3399 1252 3446 sacer,

610 3499 865 3558 ἀνθρώπους
887 3498 955 3543 καὶ
979 3495 1109 3554 κτήνη
1132 3498 1312 3548 σώσεις,
1337 3493 1485 3553 Κύριε.

1006 3608 1024 3634 P
1057 3601 1210 3645 Psalm
1231 3599 1315 3644 civ.
1342 3612 1414 3654 29.
