2320 4126
235 164 346 221 376
623 166 940 221 Cassandrae
953 183 1182 239 persona
1207 167 1340 239 qwid
1360 167 1462 222 sibi
1486 169 1610 223 velit
1628 191 1645 222 ,-
1760 189 1922 225 PRAEL.
1945 191 2037 225 xx.

236 309 462 368 nedum
503 309 894 379 mitescentis,
926 310 1014 370 ita
1058 312 1392 388 comparari
1438 312 1714 383 arbitror,
1754 320 1824 372 ut
1864 315 1925 373 in
1968 335 2041 374 ea

232 414 442 466 cernat
486 407 703 485 aliquis
743 408 889 486 quid
933 410 997 467 in
1039 410 1203 468 duris
1256 409 1443 468 etiam
1488 418 1553 470 et
1600 411 1800 489 impiis
1847 415 2036 490 possit

233 507 417 566 timor
446 508 662 567 insitus
687 507 981 566 Deorum.

321 605 459 676 Quo
490 606 682 684 magis
706 604 995 663 credibile
1026 606 1123 675 sit,
1144 604 1494 664 Cassandrae
1523 626 1841 684 personam
1863 612 2033 686 quasi

232 724 410 782 paene
463 710 905 763 sacrosanctam
949 704 1190 774 induci;
1243 723 1321 762 ne
1365 724 1488 763 non
1530 714 1787 776 constet,
1832 708 2042 767 adesse

231 811 398 862 certe
409 803 708 872 Deum,et
729 802 895 882 vigili
922 802 1098 862 oculo
1117 803 1515 884 contemplari
1538 805 1888 865 mortalium
1912 827 2039 867 sce-

232 899 373 967 lera,
406 903 521 959 etsi
562 901 911 960 hominibus
955 900 1117 960 male
1146 901 1375 960 feriatis
1413 921 1522 980 per
1565 903 1759 961 otium
1796 904 1922 963 fere
1956 925 2038 964 ac

231 999 561 1059 ludibrium
591 1001 908 1060 nobiscum
938 1020 1118 1079 agere
1148 1002 1444 1060 videatur.
1513 1001 1605 1060 Ea
1633 1003 1921 1061 nimirum
1945 1005 2037 1063 vis

229 1105 324 1156 est
354 1099 693 1177 prophetici
725 1099 1023 1169 carminiS,
1046 1099 1233 1158 dilato
1264 1100 1328 1158 in
1358 1099 1757 1178 longinquum
1788 1109 2034 1172 eventu,

228 1207 299 1255 ut
331 1205 605 1256 servetur
634 1199 879 1257 interim
910 1199 1204 1257 memoria
1232 1200 1548 1276 praesentis
1574 1199 1711 1266 Dei,
1732 1220 1809 1258 ne
1838 1200 2035 1259 homi-

228 1316 336 1355 nes
359 1298 422 1355 in
443 1293 697 1374 Epicuri
729 1298 1099 1356 dementiam
1132 1298 1374 1357 abeant.
1435 1298 1738 1370 Quoniam
1762 1300 1950 1378 igitur
1970 1302 2034 1360 in

227 1396 423 1454 scelus
452 1396 895 1455 atrocissimum
921 1398 1288 1456 demissurus
1320 1404 1449 1457 erat
1480 1397 1669 1456 aulaea
1697 1398 2030 1477 AEschyluS‚

227 1495 440 1572 utique
472 1496 876 1573 suspendendi
907 1504 1081 1555 erant
1111 1498 1315 1566 animi,
1338 1506 1401 1555 et
1429 1517 1535 1574 spe
1560 1504 1828 1556 venturae
1851 1498 2034 1557 ultio-

225 1595 319 1652 nis
348 1602 660 1671 utcunque
696 1595 1042 1666 reficiendi3
1087 1596 1146 1653 id
1180 1597 1343 1673 quod
1374 1597 1670 1654 eximium
1709 1595 1888 1674 plane
1926 1597 2034 1656 ha-

226 1693 333 1752 bet
362 1695 645 1752 introitus
669 1693 1060 1762 Cassandrae3
1106 1714 1229 1751 non
1260 1693 1442 1752 modo
1474 1701 1721 1772 propter
1750 1715 2032 1774 expressa

226 1795 424 1854 verbis
456 1797 755 1864 vaticinia,
788 1796 893 1855 sed
938 1794 1136 1853 multo
1166 1796 1359 1874 magis
1398 1795 1477 1854 ob
1506 1797 1852 1854 universum
1899 1816 2034 1874 per-

224 1913 385 1953 sonae
438 1895 566 1972 ejus
619 1902 682 1953 et
735 1893 953 1952 indolis
1005 1893 1288 1964 colorem,
1342 1894 1531 1953 tacite
1584 1895 2030 1973 quodammodo

225 1995 559 2064 clamantiS,
591 2012 822 2053 ADEssu
854 1994 1070 2053 DEUM.

311 2095 477 2165 Quid
508 2094 711 2163 velim,
744 2093 1041 2171 exemplis
1073 2094 1344 2152 doceam.
1435 2093 1661 2162 Prim0‚
1692 2095 1755 2152 in
1786 2113 2029 2154 scenam

224 2195 589 2273 ingredienti
641 2195 920 2260 occurrit,
969 2194 1061 2251 uti
1113 2193 1494 2261 meministis,
1543 2193 2028 2271 Clytaemnestra,

223 2314 357 2371 quae
399 2294 442 2351 J
445 2312 620 2351 ovem
666 2292 1030 2369 hospitalem
1073 2293 1217 2350 satis
1262 2292 1479 2369 frigide
1526 2292 1808 2368 appellat,
1845 2299 2029 2369 atque

224 2394 409 2452 etiam
462 2392 763 2469 captivam
809 2391 1031 2449 invitat
1082 2390 1147 2450 in
1198 2391 1672 2449 domesticorum
1724 2409 2028 2451 sacrorum

222 2499 459 2571 partem
478 2500 506 2541 Y
526 2510 540 2549 z

586 2598 695 2645 εἵσω
715 2598 892 2658 κομίζου
914 2599 986 2643 καί
1007 2618 1081 2651 συ,
1106 2598 1370 2658 Κασάνδραν
1390 2598 1525 2659 λέγω·

586 2674 683 2720 ἐπεί
704 2672 747 2719 σ’
770 2673 898 2730 ἔθηκε
919 2673 1025 2720 Ζεὺς
1046 2673 1263 2731 ἀμηνίτως
1284 2673 1439 2731 δόμοις

587 2749 792 2794 κοινωνὸν
813 2744 921 2792 εἶναι
942 2747 1178 2807 χερνίβων,
1201 2750 1386 2792 πολλῶν
1406 2747 1518 2805 μέτα

586 2823 771 2875 δουλῶν,
795 2822 1041 2868 σταθεῖσαν
1062 2822 1246 2879 κτησίου
1264 2824 1420 2880 βωμοῦ
1441 2821 1599 2868 πέλας.

223 2931 388 3004 Quid
419 2950 497 2987 ex
528 2929 719 2987 altera
759 2935 932 3005 parte
964 2927 1332 2987 Cassandra?
1384 2927 1708 3004 Principio,
1738 2934 2025 2985 manente

223 3029 706 3107 Clytaemnestra,
736 3027 930 3085 altum
962 3026 1306 3085 silentium:
1353 3033 1643 3103 tanquam
1674 3045 1747 3084 ea
1785 3045 2026 3102 prorsus

223 3129 380 3186 foret
420 3128 668 3206 indigna
707 3146 841 3203 quae
886 3125 1021 3184 caeli
1061 3127 1458 3202 interpretem
1504 3124 1602 3182 vel
1646 3144 1791 3183 aure
1835 3123 2023 3182 semel

223 3228 477 3285 audiret.
567 3226 825 3294 Deinde,
873 3225 1042 3302 quasi
1088 3224 1216 3282 sola
1263 3243 1403 3282 cum
1447 3224 1585 3282 Deo
1637 3243 1745 3282 suo
1797 3223 2024 3291 relicta,

223 3327 428 3384 fractis
473 3326 655 3384 modo
700 3326 979 3384 bacchari
1012 3324 1295 3393 voc-ibus3
1345 3330 1478 3381 tum
1519 3322 1837 3400 paullatim
1878 3322 2025 3381 allo-

222 3431 513 3505 quentem
544 3424 813 3485 Chorum
860 3426 1113 3493 sentire3
1159 3431 1342 3500 atque
1379 3423 1481 3491 ita,
1525 3429 1847 3501 postquam
1892 3442 2024 3500 per-

935 3618 958 3649 y
990 3609 1146 3667 Aqam.
1178 3622 1307 3653 1002.
