2320 4126
335 200 449 251 310
538 198 785 270 AEchyli
816 199 1104 271 Theoloyia,
1131 200 1356 253 maestior
1379 198 1761 271 quodammodo.
1802 217 1962 252 Pam..
1986 217 2139 253 xvm.

428 341 607 411 Quod
670 349 877 400 autem
936 344 999 401 in
1060 342 1259 400 Persis
1311 343 1642 402 scribendis
1690 344 1859 420 quasi
1906 344 1983 402 de
2031 363 2139 402 suo

338 441 575 498 addidit
598 441 934 520 AEschyluS,
955 442 1032 499 de
1062 440 1452 518 religionibus
1483 448 1546 499 et
1577 460 1778 498 rerum
1802 441 2140 500 divinarum

340 540 594 607 ratione,
626 541 687 597 id
730 541 793 597 in
834 539 1065 597 caeteris
1096 538 1287 596 ferme
1326 538 1673 616 TragoediiS,
1706 558 1776 597 ae
1807 540 2140 615 praesertim

339 638 402 694 in
445 637 831 705 PrometheO,
886 655 965 693 ex
1017 637 1147 712 ipsa
1191 637 1249 692 vi
1297 637 1571 694 materiae
1617 637 1943 695 dicendum
1990 643 2139 698 erat.

337 734 555 793 Omnis
585 735 690 792 illa
721 734 927 792 fabula
951 743 1223 792 versatur
1252 735 1316 792 in
1338 755 1556 793 arcano
1582 754 1783 793 rerum
1807 735 2139 793 caelestium

338 853 477 890 eum
530 833 711 891 rebus
769 832 1051 891 humanis
1104 852 1302 892 nexu:
1369 841 1438 891 ut
1497 853 1576 892 ex
1628 852 1701 892 ea
1757 833 2138 911 potissimum

338 932 605 1009 petenda
649 932 727 989 sit
768 931 1053 1010 AEsehyli,
1086 951 1208 989 non
1248 931 1461 990 Poetae
1497 933 1681 990 modo
1713 952 1924 991 verum
1954 934 2141 992 etiam

338 1030 700 1108 philosophi,
732 1031 807 1088 de
841 1029 975 1088 Diis
1004 1030 1472 1108 hominibusque
1506 1031 1827 1090 sententia.

426 1130 524 1188 De
569 1149 690 1206 qua
729 1148 794 1187 re
841 1127 994 1186 illud
1041 1129 1306 1206 primum
1358 1129 1568 1198 cuivis,
1614 1136 1687 1187 ut
1738 1129 1965 1206 opinor,
2010 1148 2145 1189 sue-

338 1229 562 1298 currit3
638 1227 885 1306 depingi
945 1227 1022 1285 ab
1083 1246 1156 1285 eo
1216 1227 1517 1286 coloribus
1575 1247 1698 1286 non
1757 1228 1910 1286 adeo
1971 1227 2140 1298 laetis,

338 1329 527 1385 immo
587 1346 730 1384 vero
789 1327 1207 1395 moestissimiS,
1267 1328 1618 1386 universum
1683 1326 1847 1384 hunc
1913 1333 2142 1386 statum

339 1427 620 1484 vivendi:
667 1427 771 1502 qui
823 1425 865 1483 J
868 1445 1045 1483 ovem
1093 1426 1267 1484 nobis
1314 1426 1596 1504 proferat,
1649 1445 1772 1484 non
1820 1422 2144 1502 Optimum

338 1524 514 1582 illum
561 1531 625 1582 et
665 1523 1035 1592 Maximum,
1067 1525 1174 1582 sed
1215 1525 1572 1601 injuriosum
1603 1524 1927 1601 quendam,
1958 1524 2147 1582 male-

341 1623 567 1690 volum,
626 1623 919 1691 invidum,
967 1622 1220 1685 humani
1266 1624 1521 1701 generiS,
1571 1630 1642 1683 ut
1701 1622 1805 1699 qui
1855 1623 2145 1692 maxime,

339 1721 675 1779 inimicum.
768 1720 1137 1779 Promethea
1176 1728 1404 1790 contra,
1441 1728 1766 1798 patronum
1808 1720 2144 1791 hominum,

342 1821 442 1879 vel
503 1842 639 1879 eam
698 1821 892 1898 ipsam
952 1821 1030 1879 ob
1090 1840 1334 1879 eausam
1385 1827 1588 1880 narrat
1648 1821 1814 1879 omni
1872 1821 2144 1879 cruciatu

343 1922 550 1979 vexari
595 1941 666 1979 ae
711 1920 962 1979 laniari:
1016 1941 1156 1988 non,
1198 1927 1269 1978 ut
1312 1919 1604 1998 plerique,
1650 1926 1898 1998 propter
1938 1920 2145 1998 ignem

340 2022 524 2079 modo
569 2021 780 2078 fraude
823 2019 986 2079 mala
1028 2020 1315 2099 gentibus
1358 2019 1617 2079 illatum.
1709 2018 1807 2081 Ex
1851 2038 1974 2096 quo
2020 2018 2147 2076 effi-

342 2122 516 2187 citur,
549 2119 867 2177 hominum
911 2140 1104 2198 genus
1148 2120 1309 2197 apud
1357 2119 1622 2197 Superos
1667 2139 1740 2179 ea
1777 2119 1961 2177 fuisse
2005 2138 2148 2178 eon-

343 2219 595 2288 ditione,
634 2227 706 2276 ut
741 2238 851 2296 per
888 2238 1079 2276 unum
1125 2219 1320 2287 solum
1359 2218 1729 2277 Promethea
1771 2218 2026 2287 steterit,
2066 2236 2146 2276 ne

343 2320 406 2378 id
468 2318 744 2376 funditus
806 2318 870 2374 in
927 2324 1226 2375 aeternum
1286 2318 1546 2395 periret:
1624 2316 1975 2374 Promethei
2032 2335 2146 2394 ope

343 2418 583 2476 liberari
619 2417 912 2486 homineS,
944 2416 1033 2475 ita
1065 2427 1291 2485 tamen,
1324 2424 1396 2475 ut
1431 2423 1495 2474 et
1529 2417 1659 2493 ipse
1694 2416 1945 2474 summis
1978 2414 2148 2473 dolo-

344 2517 509 2575 ribus
539 2535 751 2580 eorum
789 2535 1030 2594 poenam
1070 2517 1415 2584 redemerit,
1454 2522 1519 2574 et
1547 2515 1878 2592 redemptis
1906 2533 2147 2593 quoque

348 2615 691 2683 mirandum
750 2615 813 2672 in
868 2616 1122 2673 modum
1166 2615 1623 2674 colluctandum
1668 2616 1747 2684 sit
1805 2634 1947 2683 cum
1990 2614 2145 2681 irato

346 2715 616 2783 numine.
708 2712 858 2785 Ζεὺς,
888 2714 1087 2793 inquit
1116 2714 1219 2773 ille
1234 2721 1276 2784 ³²,
1307 2715 1536 2796 βροτῶν

654 2937 938 2948 ..........
954 2907 1041 2947 τῶν
1061 2904 1353 2961 ταλαιπώρων
1371 2905 1511 2962 λόγον

649 2976 727 3023 οὐκ
748 2976 886 3034 ἔσχεν
907 2975 1063 3029 οὐδέν’,
1086 2975 1189 3020 ἀλλ’
1212 2975 1439 3025 ἇῖστώσας
1460 2976 1587 3036 γένος

649 3050 700 3094 τὸ
721 3050 824 3101 πᾶν,
842 3049 1026 3107 ἔχρῃζεν
1046 3048 1164 3093 ἄλλο
1184 3051 1375 3109 φιτῦσαι
1396 3051 1507 3095 νέον·

650 3123 722 3167 καὶ
742 3120 901 3168 τοισίδ’
925 3122 1068 3168 οὐδεὶς
1087 3121 1315 3176 ἀντέβαινε
1333 3123 1454 3180 πλὴν
1473 3123 1595 3181 ἐμοῦ.

651 3196 739 3256 ἐγὼ
760 3195 798 3241 δ’
821 3195 1047 3254 ε’τόλμησ’·
1084 3194 1359 3255 ε’ξερυσάμην
1377 3198 1582 3256 βροτοὺς,

650 3274 730 3315 τοῦ
749 3270 809 3329 μὴ
830 3269 1194 3330 διαρραισθέντας
1215 3270 1277 3317 εἷς
1289 3269 1447 3316 ’Ἃιδου
1465 3274 1635 3329 μολεῖν·

651 3348 712 3406 τῷ
734 3364 805 3390 τοι
825 3345 1023 3390 τοιαῖσδε
1042 3347 1285 3403 πημοναῖσι
1306 3344 1569 3404 κάμπτομαι,

649 3417 843 3478 πάσχειν
861 3419 942 3477 μὲν
961 3419 1252 3479 ἀλγειναῖσιν,
1268 3419 1513 3479 οἶκτραῖσιν
1531 3419 1570 3465 δ’
1593 3419 1715 3467 ἰδεῖν.

984 3627 1000 3644 “
1033 3620 1195 3668 *Esou
1219 3620 1367 3666 Prom.
1394 3634 1495 3679 239.
