2320 4126
342 213 415 264 88
625 213 875 278 Quaenam
888 211 1109 281 proprie
1135 210 1345 263 dicatur
1371 209 1573 263 Iliadis
1596 227 1814 262 summa.
1863 229 2027 264 PRAEL.
2048 230 2142 264 vn.

344 343 539 420 operis
583 343 671 401 ira
715 349 958 400 tantum
998 341 1261 400 Achillis
1303 341 1638 410 definiunt3
1690 340 1841 398 illud
1892 341 2142 409 scilicet,

345 440 530 508 Μῆνιν
560 438 720 509 ἄειδε,
754 439 870 508 θεά,
901 439 1180 517 religiose
1210 440 1390 498 nimis
1421 440 1497 496 ad
1526 439 1767 496 literam
1809 446 2142 516 captantes.

343 539 569 599 Verius
607 538 824 607 mult0,
857 540 918 595 ni
957 538 1151 606 fallor,
1184 539 1467 606 dixerint,
1508 538 1568 594 id
1612 538 1726 596 sibi
1765 539 2144 615 proposuisse

341 645 676 705 auctorem,
713 643 784 693 ut
828 635 1070 711 Trojam
1116 642 1361 693 caneret
1407 634 1483 692 ab
1523 632 1778 693 Achivis
1819 636 2142 693 devictam.

343 734 568 811 Neque
613 733 790 792 aliter
834 734 1089 791 sensisse
1125 733 1367 790 videtur
1396 732 1707 802 Horatius,
1740 752 1880 791 cum
1910 732 2144 791 Home-

341 853 477 890 rum
518 832 786 910 appellet,
823 831 1114 908 “Trojani
1148 831 1293 889 belli
1325 832 1680 909 scriptorem
1701 832 1750 890 :⁹⁹
1794 831 2145 910 laudetque,

341 932 503 1007 quod
562 951 682 989 non
739 931 1035 1008 “gemino
1096 930 1172 988 ab
1226 930 1375 987 ovo”
1428 931 1708 989 carminis
1762 931 1855 989 sui
1905 937 2145 1008 repetat

341 1030 605 1087 exordia.
696 1023 905 1088 Etiam
938 1029 1365 1107 “promissori’'
1397 1030 1638 1087 cuidam
1670 1030 1942 1107 opponit,
1973 1029 2147 1106 cujus

338 1129 579 1187 fuerant
609 1129 859 1208 grandia
887 1128 1009 1197 illa,

675 1254 923 1298 Fortunam
949 1254 1118 1298 Priami
1139 1253 1332 1298 cantabo
1354 1260 1397 1297 et
1419 1252 1571 1298 nobile
1592 1253 1779 1298 bellum.

340 1353 482 1411 Istis
542 1352 822 1410 laudibus
889 1373 1011 1410 non
1079 1360 1209 1411 erat
1278 1352 1465 1420 locUS,
1525 1352 1640 1410 nisi
1701 1351 1928 1410 Critico
1988 1353 2145 1410 bene

338 1460 726 1528 perspectum
789 1460 969 1520 esset,
1029 1471 1124 1511 res
1194 1472 1362 1528 aeque
1429 1471 1679 1529 magnas
1748 1452 1824 1509 ab
1883 1459 2150 1527 utroque

339 1550 533 1609 Poeta
584 1551 1037 1628 comprehendi.
1138 1551 1314 1608 Idem
1365 1550 1660 1608 Horatius
1713 1550 1830 1608 alio
1883 1551 1946 1608 in
1990 1550 2146 1619 loco,

338 1650 574 1709 duobus
605 1651 730 1709 fere
762 1651 979 1718 verbis,
1011 1651 1354 1707 universam
1385 1649 1652 1725 explicat
1685 1648 1913 1707 Iliada:

1104 1800 1113 1810 .
1151 1800 1161 1810 .
1195 1766 1437 1823 ademptus
1464 1765 1638 1810 Hector

761 1841 969 1886 Tradidit
990 1841 1122 1885 fessis
1143 1840 1312 1885 leviora
1332 1841 1430 1884 tolli

942 1915 1165 1973 Pergama
1188 1913 1352 1958 Graiis.

336 2024 547 2081 Totius
593 2023 840 2098 quidem
886 2020 1032 2079 belli
1079 2021 1351 2077 fortunas
1396 2021 1512 2097 agi,
1556 2040 1696 2078 cum
1744 2022 1819 2079 de
1857 2020 2146 2079 Hectoris

338 2122 536 2198 capite
613 2121 834 2199 agitur,
909 2119 1110 2196 palam
1189 2119 1403 2195 saepius
1481 2120 1558 2177 ab
1634 2121 1763 2197 ipso
1840 2121 2148 2178 indicatur

340 2220 616 2279 Homero
639 2240 651 2278 :

674 2327 766 2375 οἶος
785 2330 872 2388 γάρ
896 2331 1011 2389 σφιν
1032 2331 1161 2389 ἕρυτο
1183 2328 1327 2376 πύλας
1348 2331 1418 2374 καὶ
1440 2330 1589 2388 τείχεα
1610 2329 1755 2387 μάκρα
1768 2304 1806 2371 a,

336 2434 549 2512 Atque
580 2436 640 2493 in
668 2456 739 2493 ea
769 2455 833 2493 re
866 2438 1124 2494 vertitur
1159 2437 1354 2493 omnis
1385 2435 1489 2493 illa
1521 2435 1745 2493 Priami
1778 2433 2142 2511 deprecatiO,

337 2535 413 2592 ab
445 2534 662 2592 ultimo
683 2535 814 2610 jam
840 2534 1044 2591 duello
1076 2534 1270 2591 filium
1302 2535 1523 2592 frustra
1553 2534 1925 2590 revocantis:

580 2658 681 2703 ἀλλ’
707 2658 913 2718 εἰσέρχεο
935 2661 1097 2716 τεῖχος,
1121 2658 1226 2716 ἐμὸν
1246 2658 1385 2710 τέκος,
1409 2658 1532 2717 ὅφρα
1553 2659 1737 2713 σαώσῃς

579 2738 730 2792 Τρῶας
751 2733 821 2776 καὶ
843 2733 1008 2791 Τρωάς,
1031 2733 1140 2790 μηδὲ
1161 2732 1277 2792 μέγα
1298 2733 1427 2778 κῦδος
1448 2730 1606 2790 ὀρέξης

579 2807 792 2864 Πηλείδῃ,
816 2806 947 2853 αὐτὸς
968 2807 1016 2851 δὲ
1038 2807 1176 2866 φίλης
1197 2807 1351 2853 αἷῶνος
1372 2805 1579 2864 ἀμερθῇς·

649 2882 659 2898 x
712 2879 748 2924 δ’
801 2880 812 2895 )
854 2882 863 2895 κ
921 2881 930 2897 x
985 2879 1034 2924 δι
1226 2881 1250 2897 -ν
1442 2879 1454 2893 ν
1529 2879 1540 2894 2
1629 2878 1642 2892 ι

577 2899 690 2939 προς
753 2915 766 2933 ,
789 2900 865 2938 εμε
886 2900 963 2925 τον
1012 2899 1203 2937 υστηνον
1225 2900 1289 2924 ετι
1311 2882 1531 2939 φρονεοντ
1565 2879 1766 2937 ε’λεησον,

579 2953 819 3013 δύσμορον,
842 2953 892 2998 ὅν
912 2953 968 3012 ῥα
988 2954 1133 3012 πατὴρ
1158 2953 1373 3013 Κρονίδης
1394 2954 1465 2998 ἐπὶ
1485 2953 1651 3012 γήραος
1672 2952 1788 3013 οὐδῷ

580 3026 685 3084 α’ίσῃ
709 3027 755 3072 ἐν
775 3026 970 3086 ἀργαλέῃ
994 3027 1170 3086 φθίσει,
1194 3028 1302 3072 κακὰ
1322 3027 1455 3072 πολλ’
1478 3026 1686 3072 ἐπιδόντα
1701 3026 1734 3072 b.

338 3133 584 3193 Videtis
643 3132 845 3210 plane,
899 3151 1069 3210 spem
1122 3152 1367 3190 omnem
1421 3133 1851 3208 fortunamque
1901 3130 2142 3207 Trojani

335 3234 596 3291 nominis
626 3234 690 3289 in
720 3231 899 3290 unius
931 3233 1059 3289 vita
1099 3240 1162 3289 et
1200 3233 1453 3289 victoria
1493 3231 1671 3308 poni:
1719 3232 1823 3307 qui
1853 3230 2141 3287 nimirum

335 3350 459 3388 non
511 3332 692 3389 armis
750 3332 949 3398 mod0,
1004 3350 1214 3388 verum
1276 3330 1462 3388 etiam
1524 3330 1753 3407 pietate
1813 3349 1882 3387 ac
1942 3327 2142 3405 religi-

338 3430 553 3489 onibus
583 3431 791 3508 patriae
832 3431 1055 3489 moenia
1087 3430 1393 3506 Laresque
1434 3427 1716 3487 tueatur:
1764 3434 1948 3504 atque
1988 3426 2142 3484 adeo

337 3529 663 3607 saepissime
695 3530 922 3599 audiat,
956 3529 1060 3599 Διῒ
1084 3529 1276 3609 φίλος.

581 3663 606 3686 st
638 3655 692 3700 Il.
716 3656 824 3700 xxii.
849 3668 955 3714 507.
1640 3652 1659 3678 b
1690 3653 1799 3697 xxii.
1823 3651 1897 3710 56.

2307 218 2320 268 ιέ
