2320 4126
413 227 518 280 134
637 228 810 294 Quare
834 228 1092 281 Homerus
1118 226 1332 281 vulnera
1356 226 1656 298 diliyentius
1681 234 1859 280 narret
1877 247 1893 278 .·
1940 245 2102 278 PRAEL.
2128 245 2206 280 lx.

703 370 878 430 Ἕκτωρ
902 371 949 415 δὲ
970 370 1219 429 πρύμνηθεν
1240 369 1334 414 ἐπεὶ
1355 370 1509 424 λάβεν,
1532 370 1632 428 οὐχὶ
1654 369 1808 427 μεθίει,

712 445 952 504 ἄφλαστον
972 445 1083 503 μετὰ
1103 444 1264 504 χερσὶν
1284 444 1412 503 ἔχων,
1434 444 1610 503 Τρωσὶν
1631 444 1680 488 δὲ
1702 442 1891 489 κέλευεν·

711 517 860 564 οἴσετε
880 521 986 576 πῦρ,
1006 516 1096 576 ἅμα
1118 517 1155 562 δ’
1179 518 1303 562 αὐτοὶ
1323 516 1509 563 ἀολλέες
1529 515 1671 576 ὄρνυτ’
1694 516 1843 574 ἀϋτήν·

711 597 787 638 νῦν
806 592 908 650 ἡμῖν
927 593 1102 637 πάντων
1123 591 1229 638 Ζεὺς
1249 591 1374 648 ἄξιον
1394 590 1510 650 ἦμαρ
1531 590 1704 644 ἔδωκεν,

712 670 815 725 νῆας
836 668 968 720 ἑλεῖν,
992 666 1037 711 αἲ
1058 667 1188 725 δεῦρο
1212 665 1322 711 θεῶν
1342 665 1489 723 ἀέκητι
1509 667 1748 723 μολοῦσαι,

708 740 810 799 ἡμῖν
828 739 1006 799 πήματα
1025 741 1177 786 πολλὰ
1198 740 1351 793 θέσαν,
1375 742 1577 798 κακότητι
1597 741 1830 800 γερόντων·

708 816 751 859 οἱ
770 814 813 873 μ’
838 814 1053 860 ἐθέλοντα
1072 815 1297 874 μάχεσθαι
1319 814 1391 860 ἐπὶ
1411 814 1635 875 πρύμνῃσι
1658 814 1851 869 νέεσσιν,

708 889 842 934 αὐτὸν
862 888 899 934 τ’
923 889 1243 947 ἰσχανάασκον,
1266 887 1499 947 ἐρητύοντό
1521 908 1570 934 τε
1589 890 1715 934 λαόν.

408 964 727 1043 Equidem,
787 984 929 1024 cum
988 966 1105 1024 ista
1163 965 1320 1044 leg0,
1380 966 1577 1023 sentio
1638 964 1734 1022 vel
1808 965 1952 1041 ipsis
2011 964 2210 1024 verbis

404 1063 792 1142 numerisque
839 1082 969 1122 rem
1019 1063 1189 1140 quasi
1249 1064 1524 1122 cominus
1582 1064 1698 1141 agi.
1789 1062 1928 1121 Nec
1974 1063 2038 1120 in
2085 1061 2211 1122 ulla

404 1169 576 1240 parte
619 1162 946 1222 luculentae
989 1162 1151 1222 illius
1195 1163 1447 1241 picturae
1501 1161 1814 1239 (quoniam
1862 1162 1938 1220 de
1985 1161 2211 1219 talibus

394 1260 678 1336 judicant
727 1267 791 1320 et
843 1261 1137 1339 imperiti)
1188 1280 1437 1319 manum
1498 1260 1662 1320 bello
1721 1262 2055 1321 exercitam
2108 1261 2211 1321 de-

405 1358 622 1418 sidere.

492 1456 731 1518 Verum
771 1458 835 1517 in
873 1458 1220 1537 hujusmodi
1253 1459 1664 1536 disputatione
1708 1458 1977 1517 maxime
2019 1457 2212 1516 domi-

404 1565 643 1627 nantur,
689 1578 821 1635 quae
866 1559 1119 1618 minime
1172 1559 1423 1618 ornandi
1470 1559 1666 1637 gratia
1710 1565 1853 1617 sunt
1900 1557 2207 1618 adhibita:

405 1658 630 1735 quippe
678 1678 817 1734 quae
875 1678 1107 1717 meram
1167 1658 1439 1717 redolere
1499 1658 1819 1716 videantur
1873 1657 2209 1716 veritatem.

407 1755 546 1825 Quo
593 1757 657 1814 in
705 1776 892 1815 censu
942 1757 1224 1817 habenda
1272 1764 1414 1816 sunt
1474 1777 1546 1815 ea
1594 1776 1726 1833 quae
1784 1756 2007 1834 passim
2053 1757 2210 1815 fiunt

404 1854 585 1913 obvia
630 1855 706 1913 de
746 1854 1097 1915 vulneribus
1143 1856 1418 1926 heroum,
1449 1856 1721 1932 lethique
1760 1856 1985 1923 formis⁹
2023 1855 2209 1914 etiam

403 1961 589 2031 atque
642 1956 829 2015 etiam
889 1956 967 2015 de
1026 1956 1324 2015 industria
1386 1955 1648 2014 variatis
1747 1954 2036 2013 Mirabile
2097 1963 2209 2024 est,

404 2074 588 2131 quam
637 2054 997 2133 diligentem
1052 2057 1115 2114 in
1176 2076 1248 2114 ea
1299 2075 1364 2114 re
1411 2056 1682 2135 posuerit
1735 2073 2014 2132 operam:
2076 2074 2210 2131 quae

406 2154 654 2231 quidem
699 2173 795 2213 res
840 2155 1015 2214 nobis
1060 2141 1406 2234 legentibus
1442 2175 1650 2232 parere
1697 2154 1851 2213 solet
1895 2153 2278 2212 fastidium⁹

406 2272 530 2310 non
569 2253 723 2313 leve.
816 2253 1187 2331 Hujusniodi
1226 2262 1399 2313 extat
1444 2255 1680 2332 insigne
1731 2255 2039 2331 specimen
2079 2254 2208 2330 ipso

406 2352 518 2411 sub
566 2353 742 2411 initio
795 2354 993 2430 quinti
1054 2354 1209 2412 libri.
1313 2354 1505 2412 Versa
1551 2353 1839 2412 videlicet
1887 2354 1950 2411 in
2002 2353 2209 2430 fugam

403 2449 797 2526 Trojanorum
830 2451 976 2519 acie,
1008 2449 1239 2508 multus
1279 2451 1342 2508 in
1380 2470 1452 2507 eo
1483 2450 1554 2507 fit
1597 2449 1804 2519 Poeta,
1846 2458 1916 2508 ut
1964 2449 2211 2508 vulnera

404 2547 781 2627 singulorum
812 2555 1141 2606 recenseat.
1197 2549 1335 2619 Quo
1360 2549 1540 2617 facto,
1561 2550 1730 2626 quasi
1750 2550 2040 2608 docemur
2062 2555 2210 2626 quot

403 2647 531 2704 fere
567 2646 884 2724 plagarum
919 2648 1244 2725 generibus
1276 2655 1449 2726 terga
1479 2648 1846 2726 fugientium
1892 2649 2039 2707 caedi
2076 2667 2211 2725 pos-

403 2743 543 2800 sint.
664 2741 931 2801 Mirifica
1001 2763 1143 2802 sane
1210 2745 1519 2813 sedulitaS‚
1581 2745 1629 2802 si
1703 2744 1886 2802 solius
1946 2743 2209 2803 Poeticae

401 2841 702 2900 rationem
740 2842 998 2903 habeas:
1061 2843 1167 2901 sed
1213 2844 1359 2902 facit
1406 2863 1478 2901 ea
1522 2862 1616 2901 res
1659 2843 1894 2921 insigne
1940 2842 2210 2900 veritatis

403 2940 735 3010 indicium3
809 2942 1147 3017 praesertim
1224 2962 1364 3000 cum
1439 2942 1556 3000 isto
1629 2941 1864 3011 saecul0‚
1939 2942 2209 2999 nondum

404 3039 609 3097 divisis
653 3039 878 3099 civium
922 3040 1292 3109 muneribuS,
1347 3060 1484 3098 suas
1536 3041 1793 3120 quisque
1845 3040 2210 3098 bellatorum

403 3136 612 3215 plagas
672 3145 735 3196 et
794 3157 970 3196 nosse
1030 3138 1243 3197 solitus
1303 3140 1397 3207 sit,
1451 3146 1533 3208 et,
1585 3146 1656 3196 ut
1715 3139 1778 3195 in
1838 3159 1902 3197 re
1959 3139 2210 3216 trepida,

403 3257 634 3296 curare.
723 3238 943 3315 Itaque
981 3258 1191 3296 omnes
1227 3238 1345 3295 illae
1380 3239 1768 3307 narrationes,
1801 3258 1933 3314 quae
1964 3239 2210 3316 quidem

402 3336 783 3396 creberrimae
836 3345 994 3407 sunt,
1046 3337 1439 3395 vehementer
1491 3338 1722 3396 faciunt
1774 3358 1915 3396 cum
1962 3339 2053 3407 iis,
2106 3338 2209 3414 qui

404 3432 751 3492 Homerum
797 3435 960 3494 haud
1015 3437 1403 3514 inexpertum
1457 3437 1532 3493 de
1583 3435 2000 3513 praeliantibus
2045 3436 2208 3514 loqui

391 3531 690 3607 judicant,
716 3536 823 3593 sed
854 3536 917 3592 in
948 3535 1188 3613 proprio
1213 3535 1474 3612 quodam
1506 3554 1719 3612 campo
1743 3555 1881 3593 cum
1915 3536 2114 3593 studio
2146 3542 2208 3593 et

403 3646 607 3688 amore
638 3634 923 3692 exerceri.
