2320 4126
370 209 478 263 186
832 213 915 265 De
939 215 1111 266 Aoztro
1137 223 1183 267 et
1208 215 1396 267 Insula
1426 214 1683 285 Calypsus
1703 236 1719 267 .·
1908 233 2161 268 PRAEL.x1.

609 356 697 412 πῦρ
718 353 798 411 μὲν
820 352 885 398 ἐπ’
909 354 1162 414 ἐσχαρόφιν
1181 356 1294 415 μέγα
1316 356 1477 409 καίετο,
1500 355 1656 412 τηλόθι
1678 354 1715 400 δ’
1739 355 1849 413 ὀδμὴ

609 426 765 486 κέδρου
787 427 823 472 τ’
846 428 1066 472 εὐκεάτοιο
1083 427 1189 473 θύου
1210 428 1246 474 τ’
1269 429 1351 474 ἀνὰ
1371 431 1507 486 νῆσον
1526 429 1696 482 ὀδώδει,

609 500 860 559 δαιομένων·
894 501 919 558 ἡ
944 500 980 545 δ’
1005 502 1129 547 ἔνδον
1149 501 1392 547 ἅοιδιάουσ’
1416 502 1491 546 ὀπὶ
1514 504 1643 560 καλῇ,

611 575 736 620 ἱστὸν
758 574 1034 633 ἐποιχομένη,
1057 575 1245 633 χρυσείῃ
1270 574 1428 634 κερκίδ’
1452 573 1651 634 ὕφαινεν.

608 646 692 705 ὕλη
715 648 764 692 δὲ
787 648 926 694 σπέος
945 648 1062 707 ἀμφὶ
1083 646 1272 707 πεφύκει
1293 648 1568 706 τηλεθόωσα,

610 721 776 780 κλήθρη
799 721 835 767 τ’
860 721 1052 781 αἴγειρός
1073 742 1120 767 τε
1143 724 1212 767 καὶ
1235 723 1397 780 εὐώδης
1419 724 1711 781 κυπάρισσος.

456 848 617 906 Illud
651 848 897 924 quidem
935 868 1057 906 non
1088 847 1222 907 leve
1252 849 1523 920 interest,
1555 851 1715 926 quod
1751 850 1878 908 haec
1921 851 2166 908 omnino

367 948 682 1027 sylvestria
728 956 887 1016 sunt,
942 948 1047 1007 illa
1099 949 1173 1006 ad
1234 948 1450 1007 Circen
1508 950 1874 1026 pertinentia
1933 949 2166 1009 cultum

367 1049 631 1125 aliquem
679 1048 976 1106 urbanum
1037 1049 1314 1126 sapiunt:
1383 1050 1607 1127 quippe
1668 1051 1742 1108 de
1802 1051 2020 1127 quibus
2081 1051 2169 1108 di-

368 1142 594 1215 caturd,

611 1293 1013 1306 ..............
1029 1258 1269 1318 τετυγμένα
1290 1258 1467 1316 δώματα
1489 1259 1651 1318 Κίρκης

610 1334 844 1390 ξεστοῖσιν
862 1331 1046 1385 λάεσσι,
1067 1331 1348 1395 περισκέπτῳ
1371 1333 1434 1378 ἐνὶ
1453 1335 1601 1395 χώρῳ.

607 1405 746 1453 ἔσταν
768 1407 805 1452 δ’
829 1407 875 1452 ἐν
894 1406 1160 1466 προθύροισι
1168 1442 1328 1452 ......

610 1481 635 1539 ἡ
659 1481 695 1527 δ’
719 1479 819 1539 αἶψ’
844 1482 1093 1541 ἐξελθοῦσα
1115 1480 1250 1541 θύρας
1272 1480 1373 1540 ὤϊξε
1394 1480 1590 1540 φαεινάς.

369 1587 615 1657 Quanto
647 1587 881 1646 dulcius
914 1594 976 1645 et
997 1588 1328 1664 jucundius
1358 1587 1509 1657 haec,
1542 1607 1680 1664 quae
1714 1607 1831 1664 prae
1870 1607 1933 1645 se
1964 1587 2169 1644 ferunt

367 1694 647 1745 naturam
676 1706 908 1745 meram
936 1685 946 1743 !
2150 1673 2154 1677 ’

606 1808 712 1856 ’ἔνθα
733 1809 780 1855 δέ
802 1809 838 1854 τ’
862 1809 1031 1869 ὀρνίθες
1050 1810 1361 1869 τανυσίπτεροι
1383 1809 1624 1866 εὐνάζοντο,

609 1890 785 1931 σκῶπες
805 1883 859 1937 τ’,
882 1883 1026 1944 ἴρηκές
1046 1904 1108 1938 τε,
1131 1883 1448 1944 τανύγλωσσοί
1467 1904 1515 1929 τε
1536 1890 1720 1944 κορῶναι

611 1958 811 2012 εἷναλίαι,
835 1958 964 2016 τῆσίν
984 1978 1030 2003 τε
1054 1957 1283 2004 θαλάσσια
1301 1956 1414 2019 ἔργα
1435 1958 1645 2017 μέμηλεν.

368 2065 819 2126 Venustissime
864 2066 1139 2123 nominat
1192 2066 1489 2142 ejusmodi
1543 2085 1701 2136 aveS‚
1752 2086 1883 2143 quae
1937 2066 2169 2125 soleant

366 2165 723 2243 plerumque
778 2166 866 2222 ire
919 2165 1249 2222 dormitum
1302 2166 1363 2222 in
1414 2164 1561 2223 locis
1609 2166 1876 2223 maxime
1921 2167 2170 2224 remotis

367 2273 553 2342 atque
595 2263 853 2332 abditis3
915 2264 1077 2340 quod
1117 2264 1538 2322 desertissimae
1583 2264 1924 2323 solitudinis
1960 2266 2037 2323 sit
2081 2265 2171 2322 in-

367 2365 545 2423 dicio,

607 2472 674 2532 ἦδ’
697 2475 833 2519 αὐτοῦ
855 2471 1095 2519 τετάνυστο
1116 2474 1218 2532 περὶ
1241 2473 1424 2520 σπείους
1443 2476 1697 2534 γλαφυροῖο

607 2547 758 2608 ἡμερὶς
779 2547 990 2605 ἡβώωσα,
1012 2547 1188 2606 τεθήλει
1210 2548 1258 2593 δὲ
1281 2550 1586 2608 σταφυλῇσιν·

608 2625 759 2681 κρῆναι
782 2619 818 2667 δ’
843 2622 984 2679 ἑξείης
1004 2620 1192 2682 πισύρες
1211 2621 1314 2682 ῥέον
1335 2621 1461 2668 ὕδατι
1482 2625 1624 2683 λευκῷ

605 2696 793 2753 πλησίαι
815 2695 1026 2753 ἀλλήλων
1046 2695 1357 2755 τετεραμμὲναι
1379 2696 1562 2743 ἄλλυδις
1583 2697 1715 2754 ἄλλῃ.

605 2771 723 2830 ἀμφὶ
745 2771 792 2815 δὲ
813 2774 1023 2829 λειμῶνες
1042 2772 1232 2830 μαλακοὶ
1254 2771 1322 2816 ἷόυ
1344 2771 1421 2829 ἥδε
1444 2771 1625 2816 σελίνου

608 2845 781 2903 θήλεον·
814 2843 929 2910 ἐ’νθα.
942 2846 978 2891 κ’
1001 2845 1154 2891 ἔπειτα
1175 2847 1246 2891 καὶ
1267 2844 1481 2892 ἀθάνατός
1501 2865 1584 2906 περ
1608 2845 1806 2891 ἐπέλθων

609 2919 823 2978 θηήσαιτο
843 2919 964 2974 ἰ’δων,
987 2922 1058 2965 καὶ
1079 2921 1291 2981 τερφθείη
1313 2921 1481 2980 φρεσὶν
1501 2917 1621 2978 ᾗσιν.

481 3046 781 3123 Conjiciat
840 3046 1056 3123 aliquis
1115 3067 1237 3104 non
1297 3047 1571 3114 absurde,
1634 3045 1985 3121 scriptorem
2045 3064 2165 3121 prae

365 3146 554 3204 oculis
585 3145 865 3203 habuisse
897 3145 1099 3203 locum
1130 3146 1395 3222 aliquem
1427 3144 1649 3202 eximie
1680 3164 1716 3201 a
1745 3163 1809 3201 se
1851 3143 2173 3212 dilectum,

365 3265 542 3322 quem
605 3244 959 3302 mollissimo
1018 3245 1123 3303 illo
1186 3245 1451 3302 carmine
1508 3243 1727 3300 futuris
1788 3243 2163 3319 temporibus

365 3344 777 3402 commendari
847 3343 1059 3401 voluit.
1165 3342 1433 3401 Praebuit
1508 3342 1753 3418 quidem
1828 3348 1992 3399 certe
2059 3361 2164 3399 ex-

366 3442 598 3519 emplar
668 3449 732 3500 et
798 3444 1103 3518 specimen
1171 3441 1467 3509 omnibUS‚
1538 3447 1837 3518 quotquot
1911 3457 2160 3515 usquam

1095 3651 1111 3677 ‘¹
1146 3651 1236 3696 Od.
1261 3668 1305 3695 x.
1331 3665 1433 3695 210.
