2320 4126
163 269 317 303 PRAEL.
336 269 445 301 v111.
520 250 650 318 quid
669 249 726 300 in
738 248 996 318 patriam,
1020 248 1150 316 quid
1170 248 1227 299 in
1250 247 1400 299 hostes
1423 249 1639 300 animus.
1802 250 1902 302 101

162 395 334 452 amici
372 395 651 469 perirent.
739 392 914 460 Quod
945 401 1278 466 quanquam
1314 392 1578 447 neutrius
1608 392 1800 448 verbis
1833 393 1909 449 sit

161 508 516 565 expressum,
573 488 826 564 intelligi
890 495 1092 544 tamen
1161 487 1378 543 debet:
1445 505 1637 561 neque
1700 506 1908 561 parum

162 586 317 643 valet
345 587 419 642 ad
448 592 713 642 mentem
742 585 1049 658 utriusque
1078 583 1523 657 assequendam.
1586 582 1909 657 Utcunque

161 682 286 749 erit,
317 681 685 757 mitigabitur
714 687 874 736 certe
913 680 1191 735 atrocitas
1221 678 1324 734 illa
1353 678 1648 734 Achilleae
1678 679 1907 746 indolis,

161 778 204 834 si
247 777 422 833 modo
458 776 641 833 semel
683 794 754 832 ea
798 775 974 850 digna
1014 774 1326 840 videbitur,
1358 792 1486 848 quae
1515 774 1577 829 in
1611 793 1912 850 compara-

161 873 383 928 tionem
414 870 782 927 Sanctissimi
813 869 996 945 Regis
1026 869 1243 926 veniat.

244 966 363 1023 Sed
407 966 530 1022 haec
578 965 882 1022 hactenus
970 963 1183 1022 Altera
1232 972 1360 1022 erat
1404 965 1655 1023 heroicae
1698 965 1911 1022 indolis

159 1079 307 1136 pam,
336 1068 404 1116 ut
452 1060 670 1118 Graecis
701 1060 819 1117 81118
844 1060 1049 1117 sedulo
1081 1061 1297 1135 primas
1327 1061 1674 1127 tribuerent,
1706 1061 1910 1117 virtuti

159 1165 358 1214 autem
409 1155 649 1223 bellicae,
699 1156 961 1213 hostium
1015 1175 1266 1231 quoque,
1324 1157 1489 1213 nullo
1540 1157 1719 1213 modo
1778 1176 1911 1214 suas

159 1258 440 1329 negarent
488 1251 706 1309 laudes.
794 1252 970 1320 Quod
1021 1253 1096 1308 ab
1137 1251 1406 1309 Homero
1457 1253 1585 1328 ipso
1631 1272 1736 1328 per
1780 1254 1912 1309 uni-

160 1367 384 1406 versam
430 1347 618 1405 Iliada
660 1355 975 1416 servatum,
1005 1346 1232 1405 Achilli
1276 1369 1413 1405 cum
1452 1350 1655 1424 primis
1699 1369 1912 1407 conve-

158 1445 374 1502 niebat.
461 1444 653 1520 Igitur
694 1444 794 1501 ille
837 1446 1124 1520 princeps,
1163 1463 1372 1502 exorsa
1414 1453 1599 1521 peste,
1632 1452 1805 1502 vocat
1847 1446 1910 1501 in

157 1540 472 1599 concilium
521 1542 855 1616 optimates.
944 1541 1113 1598 Illius
1158 1548 1441 1599 maternae
1486 1561 1652 1617 paene
1698 1541 1910 1618 vigiliae

161 1638 404 1713 ingratae
431 1637 635 1711 patriae
664 1636 816 1694 fiunt
846 1637 1189 1712 opprobrio:

673 1777 684 1787 .
719 1776 729 1787 .
762 1743 854 1788 ἐπεὶ
874 1743 950 1786 οὐκ
969 1743 1052 1800 ἄρα
1071 1762 1136 1789 τις
1154 1744 1285 1802 χάρις
1304 1742 1391 1799 ἦεν,

386 1815 631 1871 μάρνασθαι
651 1814 810 1871 δηΐοισι
829 1814 918 1871 μετ’
941 1815 1124 1872 ἀνδράσι
1145 1816 1334 1872 νωλεμὲς
1354 1817 1437 1860 αἰεὶ
1471 1850 1481 1860 .
1517 1850 1527 1860 .

391 1919 402 1930 .
438 1918 448 1929 .
481 1885 583 1930 οὐδέ
599 1905 641 1930 τι
660 1887 734 1943 μοὶ
752 1887 998 1939 περίκειται,
1021 1887 1112 1930 ἐπεὶ
1132 1888 1272 1931 πάθον
1291 1888 1428 1946 ἄλγεα
1448 1889 1582 1948 θυμῷ,

387 1958 472 2001 αἶεὶ
494 1957 597 2014 ἐμὴν
615 1958 767 2015 ψυχὴν
786 1960 1175 2015 παραβαλλόμενος
1193 1960 1453 2016 πολεμίζειν.

382 2030 442 2075 ὡς
464 2028 500 2072 δ’
521 2028 635 2087 ὅρνις
654 2029 814 2085 ἀπτῆσι
835 2033 1065 2075 νεοσσοῖσι
1084 2031 1337 2088 προφέρῃσι

384 2101 583 2158 μάστακ’,
603 2102 695 2145 ἐπεί
714 2120 759 2145 κε
779 2103 959 2158 λάβῃσι,
981 2093 1116 2149 κακῶς
1138 2103 1188 2147 δέ
1206 2123 1253 2148 τε
1274 2106 1315 2147 οἱ
1334 2104 1460 2148 πέλει
1484 2106 1590 2161 αὐτῇ
1598 2119 1606 2127 ·

387 2175 446 2219 ὡς
466 2175 534 2217 καὶ
555 2174 638 2231 ἐγὼ
658 2175 829 2220 πολλὰς
847 2175 925 2230 μὲν
944 2173 1130 2220 ἀΰπνους
1150 2174 1299 2220 νύκτας
1317 2174 1453 2227 ἴαυον,

388 2246 528 2302 ἤματα
549 2245 584 2289 δ’
607 2247 860 2302 αἱματόεντα
876 2246 1145 2304 διέπρησσον
1163 2247 1420 2304 πολεμίζων,

386 2317 569 2374 ἀνδράσι
588 2317 866 2373 μαρνάμενος,
889 2317 1029 2376 ὀάρων
1048 2317 1169 2362 ἕνεκα
1190 2319 1490 2376 σφετεράωνα.

150 2418 260 2476 Ille
290 2418 647 2485 Patroclum,
676 2419 927 2476 incensis
955 2421 1084 2495 jam
1124 2408 1389 2489 navibus,
1419 2422 1576 2478 ultro
1617 2424 1693 2479 ad
1734 2442 1902 2479 arma

148 2503 430 2582 concitat,
458 2514 609 2592 μηρῶ
640 2512 1016 2590 πληξάμενοςζ

376 2619 561 2678 ''Ope-eo,
584 2622 782 2679 Διογενὲς
801 2623 1083 2679 Πατρόκλεις,
1102 2622 1404 2667 ἱπποκέλευθε·

386 2692 565 2737 λεύσσω
587 2692 637 2747 δὴ
658 2695 774 2749 παρὰ
795 2694 920 2748 νηυσὶ
939 2694 1076 2749 πυρὸς
1097 2692 1232 2748 δηΐοιο
1254 2693 1369 2749 ι’ωήν·

383 2764 439 2820 μὴ
461 2764 512 2820 δὴ
533 2766 632 2819 νῆας
651 2763 807 2815 ἕλωσι,
829 2764 897 2807 καὶ
918 2764 1056 2808 οὐκέτι
1077 2765 1221 2821 φυκτὰ
1240 2765 1473 2809 πέλωνται.

389 2833 521 2878 δύσεο
540 2832 695 2890 τεύχεα
715 2833 898 2886 θᾶσσον,
919 2834 1003 2892 ἐγὼ
1025 2834 1075 2878 δέ
1094 2853 1139 2878 κε
1160 2837 1268 2879 λαὸν
1284 2836 1440 2894 ἀγείρω
1448 2837 1487 2881 b.

264 2932 555 2989 Hostibus
618 2941 819 2990 autem
877 2954 996 2991 non
1051 2935 1209 2992 ultra
1266 2938 1512 2994 modum
1568 2938 1900 3004 insaeviisse‚

152 3034 326 3104 prout
371 3034 497 3084 erat
543 3047 681 3086 usus
726 3029 883 3087 illius
930 3032 1228 3106 temporiS,
1274 3032 1634 3109 locupletem
1682 3040 1900 3090 testem

152 3123 436 3180 habemus
464 3123 690 3199 ipsum:

378 3229 479 3284 πρὶν
497 3229 574 3285 μὲν
592 3229 676 3286 γὰρ
697 3230 952 3288 Πάτροκλον
971 3232 1172 3277 ἐπισπεῖν
1191 3232 1367 3289 αἴσιμον
1387 3232 1514 3291 ἦμαρ,

382 3300 531 3357 τόφρα
549 3299 598 3343 δέ
615 3318 688 3356 μοι
706 3300 971 3357 πεφιδέσθαι
992 3303 1054 3346 ε’νὶ
1075 3305 1213 3361 φρεσὶ
1236 3305 1447 3362 φίλτερον
1465 3303 1515 3359 ἦε

381 3372 548 3427 Τρώων,
570 3371 637 3413 καὶ
656 3371 850 3416 πολλοὺς
870 3372 1000 3425 ζωοὺς
1020 3373 1141 3425 ἕλον,
1163 3372 1238 3429 ἠδὲ
1257 3374 1464 3431 πέρασσα
1472 3380 1508 3419 0.

227 3469 351 3527 Sed
375 3470 436 3527 in
464 3470 574 3527 hac
604 3478 770 3546 parte
798 3472 1148 3548 palmarium
1177 3456 1472 3549 est,¹quod
1501 3475 1575 3531 de
1605 3481 1900 3531 nocturno.»

380 3584 406 3608 ¹²
437 3577 490 3622 11.
511 3577 571 3621 ix.
592 3591 695 3636 323.
912 3579 936 3611 b
966 3580 1054 3625 xvi.
1082 3594 1179 3635 124.
1386 3588 1410 3612 0
1439 3581 1529 3625 xxi.
1557 3595 1655 3626 100.
