2320 4126
183 280 335 313 PRAEL.
362 280 431 311 x1.
581 261 923 329 Cowsparatm·
948 242 1169 313 Achilles
1193 277 1301 312 cwm
1340 260 1395 312 U
1390 261 1526 328 lysse.
1821 263 1926 316 178

180 421 247 458 ac
295 399 633 456 dissimiles:
699 400 835 456 hinc
894 400 1218 457 Hernicum
1278 401 1426 457 illud
1490 400 1633 468 ἦθος,
1694 420 1925 478 vagum,

177 498 520 571 inquietum,
552 498 819 553 tentandi
860 498 1057 554 omnia
1101 498 1416 573 cupidum:
1477 496 1639 553 illinc
1675 496 1922 574 flagran-

177 593 464 649 tissimum
497 592 653 647 domi
685 593 1001 667 patriaeque
1032 593 1404 649 desiderium.

259 686 430 755 Quod
475 688 728 761 primum
775 688 1027 745 efficitur
1078 709 1153 746 ex
1206 708 1435 745 summa
1481 690 1667 744 totius
1712 689 1919 764 operis,

178 782 316 839 Non
369 785 525 839 enim
572 784 771 859 gloriae
824 804 981 860 ergo,
1037 785 1200 842 velut
1250 783 1629 860 Argonautae,
1681 786 1920 861 navigat

177 879 430 955 Ulysses‚
463 899 580 935 non
607 879 770 946 lucri,
801 899 918 937 non
959 881 1220 955 imperii:
1267 899 1450 936 unum
1483 881 1660 937 modo
1691 880 1918 937 solicite

174 974 400 1049 quaerit,

461 1066 601 1111 οἴκαδε
622 1067 656 1111 τ’
679 1068 916 1125 ἐλθέμεναι,
939 1070 1006 1112 καὶ
1028 1071 1234 1125 νόστιμον
1253 1067 1365 1126 ἦμαρ
1388 1068 1571 1113 ἰδέσθαι.

172 1168 423 1226 Assidue
471 1169 629 1225 Deos
677 1171 864 1226 otium
921 1178 1106 1246 rogat,
1162 1171 1247 1226 ita
1297 1178 1514 1237 tamen,
1567 1178 1635 1226 ut
1686 1189 1917 1246 semper

170 1273 392 1323 arrecto
450 1267 524 1322 sit
582 1267 777 1322 animo
835 1268 897 1322 in
954 1266 1217 1342 pericula
1277 1286 1344 1323 ac
1405 1267 1649 1323 labores,
1738 1266 1913 1335 Quod

168 1363 356 1437 ipsum
402 1362 804 1438 navigantium
849 1362 976 1428 ἦθος
1013 1363 1260 1419 fortasse
1304 1383 1423 1419 non
1467 1363 1622 1419 male
1663 1363 1911 1419 dicatur.

170 1457 370 1514 Habet
415 1464 574 1514 certe
619 1458 945 1515 Heroicum
991 1459 1228 1534 aliquid,
1267 1460 1377 1515 etsi
1421 1478 1539 1515 non
1583 1478 1790 1534 parum
1831 1460 1912 1514 vi-

169 1554 340 1609 detur
394 1553 595 1610 abesse
653 1555 727 1611 ab
787 1554 1086 1612 Achilleio
1144 1555 1247 1612 illo
1307 1555 1649 1630 splendore;
1723 1575 1911 1630 eoque

167 1649 374 1706 melius
396 1650 710 1724 respondet
738 1651 976 1727 ingenio
1007 1653 1174 1708 annis
1203 1651 1539 1709 labentibus
1568 1653 1859 1728 mitigato,

249 1744 486 1802 Videtis
517 1766 632 1821 quo
663 1748 870 1803 tendat
901 1766 1131 1804 summa
1161 1747 1388 1804 fabulae.
1471 1747 1651 1804 Nunc
1682 1747 1910 1823 Ulyssis

165 1859 470 1915 personam
518 1845 955 1917 expendamus:
1019 1845 1119 1918 qui
1178 1864 1313 1901 cum
1363 1843 1602 1900 Achille
1660 1844 1909 1902 collatus

165 1936 310 1994 illud
341 1939 530 2012 ipsum
563 1939 874 1995 discrimen
906 1946 1115 2006 servat,
1146 1959 1262 2014 quo
1302 1960 1408 1997 nos
1449 1938 1795 2017 Odysseiam
1833 1942 1908 1998 ab

167 2033 351 2090 Iliade
408 2035 733 2109 sejunctam
786 2035 1073 2094 volumus.
1184 2036 1292 2093 Est
1339 2036 1440 2092 ille
1485 2036 1690 2093 multis
1741 2038 1908 2094 annis

166 2130 394 2186 senior:
455 2131 614 2187 unde
661 2132 840 2187 etiam
884 2132 941 2186 in
996 2131 1242 2188 heroum
1290 2132 1538 2189 concilio
1586 2133 1908 2208 compellat

164 2223 462 2282 Achillem
491 2233 808 2302 pervagato
837 2223 994 2294 illod,

453 2333 543 2376 ἕπει
563 2335 772 2389 πρότερος
790 2335 986 2391 γενόμην,
1009 2334 1077 2376 καὶ
1096 2333 1276 2377 πλείονα
1296 2331 1405 2378 οἶδα.

166 2418 366 2494 anue
417 2422 630 2496 passim
681 2422 823 2478 dicit
870 2431 931 2479 et
981 2423 1120 2498 agit,
1173 2423 1386 2497 quibus
1432 2430 1578 2479 aetas
1624 2424 1907 2480 maturior

163 2516 312 2572 solet
342 2518 636 2574 delectari.
723 2518 874 2574 Tum
910 2520 1144 2593 utrique
1174 2520 1413 2575 nomina
1442 2519 1606 2574 οἰκεῖα
1637 2519 1903 2576 tribuun-

163 2618 272 2678 tur,
333 2614 406 2669 ad
465 2633 593 2670 eam
654 2614 1190 2671 dissimilitudinem
1250 2614 1659 2671 declarandam
1731 2617 1903 2672 unice

162 2716 525 2782 comparata:
599 2708 796 2784 Ulyssi
854 2709 1173 2776 πολύμητις,
1235 2707 1456 2765 Achilli
1522 2706 1695 2769 πόδας
1760 2710 1901 2770 ω’κύς.

165 2801 459 2861 Praeterea
501 2824 618 2861 non
661 2824 866 2879 parum
911 2803 1068 2860 valet
1111 2804 1278 2873 illud,
1311 2805 1467 2879 quod
1511 2804 1607 2861 hic
1651 2805 1934 2880 plurima,

159 2895 385 2972 impetu
442 2899 714 2972 quodam,
770 2897 870 2953 ille
927 2898 1153 2954 ratione
1211 2898 1446 2955 conficit
1504 2899 1732 2954 omnia:
1806 2897 1901 2954 hic

162 2997 439 3067 tanquam
471 3000 614 3050 aestu
645 2994 883 3068 rapitur,
914 2993 1014 3049 ille
1044 2994 1239 3051 animo
1269 3012 1499 3069 semper
1527 2993 1711 3049 adest.
1766 2993 1900 3061 Quo

162 3085 220 3140 in
270 3106 484 3162 genere
535 3088 627 3144 vel
678 3089 892 3163 primas
939 3095 1147 3145 tenent
1198 3107 1268 3145 ea
1314 3107 1447 3162 quae
1502 3093 1788 3163 geruntur
1837 3088 1899 3143 in

162 3188 327 3238 antro
352 3183 715 3259 Polyphemi.
806 3184 952 3252 Quae
974 3192 1255 3259 tanquam
1284 3183 1529 3260 grandia
1567 3201 1634 3238 ac
1675 3183 1899 3257 magni-

165 3275 271 3332 fica
334 3277 600 3354 Longino
658 3279 943 3354 placuisse
1020 3280 1216 3336 mirari
1288 3279 1483 3335 soleo:
1554 3277 1700 3332 mihi
1758 3296 1896 3333 vero

160 3374 378 3429 atrocia
416 3374 623 3441 forent,
669 3376 727 3430 ni
772 3374 965 3448 aliqua
1009 3374 1273 3431 subesset
1315 3376 1419 3428 τοῦ
1461 3371 1683 3445 γελοίου
1729 3391 1893 3428 vena.

163 3465 386 3523 Verum
419 3470 544 3535 ista,
577 3472 766 3535 cred0‚
799 3471 1035 3524 omnino
1073 3475 1239 3524 erant
1276 3468 1650 3542 perhibenda,
1683 3473 1893 3542 utpote

855 3587 878 3616 ‘¹
901 3587 953 3630 Il.
975 3588 1063 3630 xix.
1088 3600 1186 3643 219.
