2320 4126
306 198 416 256 296
568 200 655 254 De
685 200 907 253 Orestea.
989 199 1279 270 AEsckylus
1301 199 1525 252 Homero
1550 198 1750 251 clamor.
1790 214 1947 249 PRAEL.
1967 213 2103 250 xvn.

304 346 498 404 acutis
546 345 945 403 solutionibus
1005 345 1222 421 agitur.
1312 343 1442 401 Has
1491 343 1593 418 qui
1645 342 1825 399 unice
1875 347 2101 407 amant,

303 445 662 502 crediderim
736 446 868 502 istis
935 444 1116 501 taedio
1187 461 1428 527 prorsus
1497 441 1762 503 futuram
1829 436 2105 501 Ἰιςετιδῶν

302 543 654 607 lectionem.

389 642 607 699 Restat
638 640 1014 698 nobilissima
1037 639 1310 696 omnium
1335 639 1535 706 serie-S,
1558 636 1891 717 ’Opem-ela:
1922 655 2102 713 quam

302 748 373 798 ut
404 739 806 798 concedamus
830 739 1047 796 deduci
1078 738 1330 796 fortasse
1359 737 1463 795 filo
1494 757 1614 795 non
1646 737 1797 796 adeo
1829 735 2106 813 simplici,

306 838 488 896 velim
526 845 732 895 tamen
768 837 1158 894 meminerint
1203 836 1498 903 homines,
1527 835 1816 912 prodiisse
1861 854 1994 893 eam
2040 834 2105 891 in

306 955 546 995 scenam
617 935 897 993 ultimam
964 935 1259 1004 omnium,
1316 942 1499 1011 atque
1568 935 1721 995 adeo
1786 941 2106 1011 postquam

306 1055 528 1106 corona
575 1035 707 1112 jam
759 1035 1093 1104 exciderat,
1145 1035 1465 1092 commissa
1514 1033 1624 1091 lite
1674 1034 1916 1110 poetica
1965 1052 2106 1091 cum

308 1133 628 1211 Sophocle,
680 1129 1050 1212 AEscl1ylus¹.
1159 1133 1363 1203 Quare
1414 1132 1543 1191 fieri
1594 1132 1816 1209 potuit,
1866 1138 1937 1190 ut
1985 1151 2108 1189 non

306 1241 434 1297 tam
478 1252 605 1302 suc,
651 1252 832 1309 quam
878 1232 1172 1310 temporis
1217 1239 1282 1290 et
1325 1232 1549 1291 theatri
1597 1229 1792 1289 Attici
1838 1229 2108 1299 consili0,

306 1331 564 1389 formam
596 1331 893 1390 scribendi
931 1337 1233 1388 mutaret:
1279 1329 1330 1388 si
1360 1336 1566 1391 tamen
1609 1335 1879 1390 mutasse
1908 1327 2113 1390 dicen-

308 1430 421 1488 dus
451 1437 564 1488 est.

394 1528 633 1588 Verum
674 1531 982 1589 enimvero
1031 1531 1176 1607 quid
1230 1537 1340 1599 est,
1394 1530 1661 1598 obsecm,
1714 1548 1825 1587 cur
1864 1529 1927 1585 in
1978 1527 2114 1586 istis

308 1627 494 1686 etiam
547 1628 879 1706 Tragoediis
924 1648 1275 1707 germanam
1324 1625 1602 1706 AEschyli
1655 1627 2109 1705 simplicitatem

307 1726 523 1803 aliquis
554 1726 898 1787 desideret?
979 1728 1215 1796 PlureS,
1246 1727 1456 1796 fateor,
1488 1728 1551 1787 in
1582 1746 1823 1786 scenam
1855 1727 2112 1784 mittun-

309 1833 411 1883 tur
448 1846 733 1903 personae,
766 1827 889 1884 suis
921 1847 1176 1904 quaeque
1216 1827 1553 1886 accuratius
1584 1827 1884 1886 distinctae
1914 1826 2111 1884 notisz

309 1925 619 1983 variantur
661 1926 950 1986 audacius
989 1933 1120 1985 tum
1169 1927 1508 1988 animorum
1553 1925 1824 1994 affectus,
1859 1931 1994 1983 tum
2040 1944 2115 1982 ea

310 2044 451 2100 quae
493 2026 568 2083 ad
619 2025 786 2083 locos
830 2045 1089 2102 quaeque
1134 2027 1209 2084 ad
1255 2026 1527 2084 fortunas
1571 2026 1887 2083 hominum
1928 2025 2116 2102 perti-

309 2131 477 2182 nent.
567 2124 662 2183 Ea
710 2144 852 2182 vero
902 2126 1107 2183 omnia
1152 2134 1300 2202 quot
1350 2125 1598 2184 tandem
1650 2125 1891 2202 punctis
1945 2144 2116 2202 sepa-

314 2230 524 2281 rantur
551 2243 587 2281 a
616 2224 1017 2300 posteriorum
1050 2223 1383 2282 calliditate
1414 2243 1484 2281 ac
1515 2223 1814 2281 versutia!
1890 2223 2116 2282 Confe-

310 2329 523 2380 rantur
579 2323 763 2380 modo
822 2321 1198 2399 Choephorae
1255 2342 1395 2380 cum
1457 2321 1774 2399 Sophoclis
1829 2322 2113 2382 Electra:

311 2440 493 2478 nemo
536 2440 660 2478 non
695 2420 1001 2499 intelliget
1046 2421 1352 2480 abundare
1393 2420 1550 2483 hanc
1586 2421 1820 2485 artibus
1847 2428 1910 2485 et
1941 2421 2115 2491 dolis,

313 2519 531 2596 quibus
560 2519 668 2578 illa
696 2539 941 2596 prorsus
971 2530 1193 2579 careat.

398 2617 504 2685 Ad
544 2638 864 2688 summam,
898 2638 1007 2696 pro
1047 2638 1331 2678 concesso
1374 2619 1723 2689 habeamus,
1757 2616 2116 2697 AEschylum

315 2717 591 2776 Homero
631 2719 870 2776 doctius
907 2719 1159 2777 fortasse
1199 2726 1263 2777 et
1308 2719 1591 2788 severiUS,
1621 2719 1724 2777 sed
1764 2719 2022 2777 duriore.
2045 2724 2119 2776 ut

314 2817 642 2894 plurimum
675 2817 830 2895 stylo
862 2819 1164 2895 scripsisse
1191 2838 1207 2877 t
1251 2819 1313 2876 id
1346 2819 1504 2895 quod
1537 2838 1659 2876 non
1690 2819 1872 2876 modo
1902 2838 2119 2896 arguas

317 2935 396 2974 ex
447 2916 788 2975 fabularum
836 2923 900 2975 et
945 2936 1335 2994 personarum
1394 2918 1646 2985 ratione,
1693 2937 1904 2975 verum
1963 2918 2114 2976 illud

319 3016 504 3073 etiam
528 3036 652 3073 non
673 3015 833 3073 male
864 3017 1172 3095 adjungaS‚
1195 3017 1394 3074 multo
1413 3018 1602 3074 rarius
1626 3016 1924 3075 Nostrum
1950 3018 2118 3093 quasi

318 3115 528 3173 ludere
569 3134 852 3174 sonorum
897 3114 1178 3174 clausulis
1217 3136 1287 3175 ac
1319 3116 1668 3174 diversitate
1709 3136 2118 3176 numerorum.

320 3215 627 3293 Excerpat
686 3215 902 3292 aliquis
970 3235 1048 3273 ex
1107 3216 1235 3292 ejus
1296 3215 1581 3272 Iambicis
1653 3215 1963 3293 octoginta
2021 3215 2118 3274 vel

320 3321 568 3372 centum
598 3334 822 3383 versuS,
853 3322 917 3372 et
948 3334 1087 3372 cum
1118 3314 1376 3372 totidem
1409 3314 1778 3391 Sophocleis,
1808 3334 1888 3372 ne
1917 3315 2113 3373 dicam

322 3411 817 3491 AristophaniciS,
877 3421 1248 3490 componat3
1322 3413 1544 3470 mirum
1603 3414 1665 3470 ni
1726 3413 1820 3472 vel
1847 3422 1849 3425 '
1881 3415 2119 3478 aurium

704 3627 714 3660 ἓ
746 3628 947 3683 Clinton,
973 3631 1096 3675 Fast.
1122 3631 1292 3675 Hellen.
1318 3630 1394 3678 01„
1417 3632 1491 3676 80.
1514 3645 1570 3689 33
1607 3631 1679 3689 78.
1706 3645 1745 3682 ι,
