2320 4126
341 212 452 263 284
1009 213 1189 264 Poetoe
1213 213 1452 266 Minores
1470 234 1487 273 ,·
1852 232 2012 269 PRAEL,
2031 233 2142 267 xv1.

343 382 649 440 exponere
692 363 977 423 videntur
1019 363 1322 441 Sapphica
1344 366 1488 440 'quae
1523 371 1816 423 vocantur
1860 368 2142 437 carmina,

342 463 562 538 partim
610 463 834 520 crebris
885 463 1107 521 ictibus
1153 470 1217 520 et
1257 463 1425 538 quasi
1471 463 1838 541 singultibus
1879 464 2142 534 effracta,-

342 563 581 638 partim,
629 561 798 619 velut
843 581 988 619 aura
1032 562 1315 630 secunda,
1348 562 1627 620 celeriter
1664 569 1727 621 et
1771 564 2146 640 aequabiliter

343 661 740 718 decurrentia.
847 658 1060 737 Atque
1126 660 1257 719 haec
1325 681 1447 719 una
1504 662 1758 720 fortasse
1823 661 2146 721 Graiorum

305 760 612 836 ‚putanda
656 767 748 818 est
800 760 1123 822 minimum,
1169 761 1245 818 ab
1293 759 1567 819 Homero
1613 761 1908 820 didicisse.
1999 761 2145 821 Vox

344 858 550 916 Poetae
597 858 781 916 virilis
826 865 890 916 et
935 865 1100 917 casta
1144 879 1283 917 cum
1330 858 1546 918 AEoliis
1591 860 1893 919 furoribus
1933 880 2146 938 parum

342 959 706 1017 concordare
765 964 1022 1035 poterat.
1129 958 1414 1017 Testatur
1472 965 1679 1017 autem
1741 959 1935 1017 omnis
1993 959 2148 1018 anti-

343 1058 557 1134 quitaS‚
606 1057 785 1115 nimis
839 1076 980 1115 vera
1026 1077 1160 1115 eam
1215 1058 1541 1116 cecinisse:
1606 1058 1811 1134 itaque
1857 1058 1921 1115 in
1968 1058 2147 1117 rebus

342 1156 673 1215 inhonestis
719 1166 783 1215 et
826 1157 1175 1216 miserrimis
1217 1157 1477 1216 emeruit
1522 1156 1633 1215 sibi
1675 1163 1986 1233 utcunque
2028 1157 2148 1234 pri-

342 1257 546 1315 mariae
576 1276 818 1314 nomen.

430 1356 826 1415 Considerate
871 1374 1032 1413 nunc
1073 1353 1277 1423 alium,
1316 1373 1498 1430 quem
1543 1353 1725 1431 pleno
1770 1361 2018 1431 pectore
2062 1353 2150 1412 lo-

344 1462 556 1514 cutum
588 1455 732 1514 satis
762 1456 1080 1513 confirmat
1110 1463 1267 1511 unus
1298 1452 1402 1511 ille
1433 1472 1639 1512 versus
1671 1452 1933 1523 Horatii,
1976 1461 2009 1486 “
2029 1452 2150 1511 Ar-

344 1556 688 1615 chilochum
742 1556 983 1633 proprio
1044 1555 1239 1613 rabies
1283 1554 1544 1612 armavit
1596 1553 1866 1612 Iambo.”
1985 1552 2150 1612 Illud

344 1656 590 1732 quidem
620 1653 831 1722 rabieS,
864 1674 1076 1712 vereor
1111 1673 1189 1711 ne
1221 1653 1429 1711 durius
1460 1653 1538 1710 sit
1569 1652 1820 1722 dictum,
1852 1653 2149 1729 siquidem

345 1755 755 1831 conjecturam
804 1773 1019 1831 capere
1049 1753 1194 1811 licet
1225 1753 1301 1810 ab
1332 1751 1753 1810 Archilocheis
1784 1771 1916 1829 quae
1947 1771 2153 1829 super-

344 1860 503 1910 sunt.
594 1852 906 1913 Videlicet
952 1871 1162 1910 eorum
1200 1857 1294 1909 est
1335 1851 1528 1909 acrior
1568 1851 1815 1927 quidem
1860 1847 2059 1919 sonus,
2100 1851 2151 1909 is

344 1960 569 2021 tamen,
623 1953 725 2029 qui
784 1953 1103 2030 mitigetur
1160 1951 1489 2009 tenerrimo
1549 1969 1729 2009 sensu
1781 1950 2151 2009 conditionis

343 2051 521 2128 hujus
555 2052 811 2119 vivendi,
846 2051 1250 2128 humanaeque
1281 2050 1632 2139 fragititatis
1650 2045 1700 2108 k.
2219 2037 2222 2040 ’

585 2209 706 2267 θυμὲ,
730 2207 827 2267 θυμ’
850 2207 1120 2267 ἀμηχάνοισι
1142 2206 1323 2265 κήδεσιν
1344 2209 1575 2265 κυκώμενε,

584 2283 729 2341 ἄνεχε,
752 2282 1005 2340 δυσμενέων
1026 2281 1063 2327 δ’
1087 2281 1246 2340 ἀλέξευ
1266 2281 1545 2340 προσβαλὼν
1566 2280 1762 2325 ἐναντίον

587 2355 789 2414 στέρνον,
813 2355 859 2400 ἐν
880 2356 1079 2401 δοκοῖσιν
1101 2355 1273 2414 ἐχθρῶν
1293 2354 1491 2412 πλησίον
1511 2354 1803 2401 κατασταθεὶς

583 2430 843 2489 ἀσφαλέως·
880 2427 950 2474 καὶ
970 2427 1079 2488 μήτε
1102 2430 1230 2474 νικὼν
1248 2428 1460 2487 ἇμφάδην
1479 2427 1695 2487 ἀγάλλεο,

582 2504 692 2562 μηδὲ
714 2503 901 2560 νικηθεὶς
923 2502 969 2548 ἐν
990 2500 1093 2564 οἴκῳ
1115 2502 1377 2548 καταπεσὼν
1398 2500 1570 2560 ὀδύρεο·

582 2579 703 2624 ἀλλὰ
722 2578 961 2637 χαρτοῐσίν
981 2596 1029 2622 τε
1050 2580 1195 2637 χαῖρε,
1219 2577 1289 2622 καὶ
1311 2579 1512 2622 κακοῖσιν
1532 2575 1717 2634 ἆσχάλα

582 2654 641 2712 μὴ
661 2653 777 2710 λίην·
809 2652 1030 2712 γίγνωσκε
1053 2650 1090 2696 δ’
1115 2648 1207 2697 οἶος
1227 2650 1394 2710 ῥυθμὸς
1414 2650 1672 2709 ἀνθρώπους
1692 2649 1801 2708 ἔχει.

343 2791 519 2850 Idem
560 2812 679 2869 quo
725 2790 903 2849 oculo
949 2790 1168 2848 caelum
1218 2797 1281 2848 et
1326 2795 1516 2847 terras
1561 2787 2011 2865 contemplatus
2048 2789 2147 2858 sit,

343 2894 534 2952 discas
579 2894 655 2951 ab
686 2893 879 2951 altero
919 2889 1201 2970 λειψάνῳ,
1233 2892 1394 2969 quod
1427 2891 1513 2948 eis
1543 2889 1875 2967 praesertim
1908 2888 2148 2947 Criticis

342 2994 838 3051 commendatum
885 2993 1086 3062 velim,
1132 2992 1235 3068 qui
1279 2998 1508 3068 negant
1558 3009 1689 3047 rem
1735 3008 1814 3047 ex
1858 3007 1931 3046 ea
1974 2995 2146 3066 parte

341 3090 600 3150 feliciter
629 3093 875 3151 cessisse
905 3091 1214 3150 veteribus
1248 3090 1455 3148 Poetis
1472 3085 1505 3144 ¹.

585 3249 748 3310 Γλαῦχ’
770 3250 867 3309 ὅρα·
899 3249 1040 3304 βαθὺς
1058 3251 1145 3309 ’γὰρ
1167 3249 1248 3307 ἤδη
1271 3247 1460 3306 κύμασιν
1480 3245 1754 3306 ταράσσεται

583 3327 758 3372 πόντος·
792 3324 910 3384 ἀμφὶ
932 3323 968 3369 δ’
991 3324 1103 3382 ἀκρὰ
1122 3323 1281 3382 γυρεὸν
1302 3321 1436 3381 ὀρθὸν
1455 3319 1634 3366 ἵσταται
1655 3319 1806 3379 νέφος,

585 3402 707 3458 σῆμα
726 3404 954 3459 χειμῶνος”
988 3399 1155 3458 κιχάνει
1177 3396 1214 3443 δ’
1239 3397 1289 3455 ἐξ
1310 3393 1521 3452 ἇελπτίης
1542 3395 1706 3453 φόβος.

635 3565 654 3591 ¹¹
679 3566 858 3624 Fragm.
881 3565 969 3609 xiv.
993 3579 1065 3622 ap.
1092 3563 1321 3617 Gaisford,
1339 3563 1469 3608 4Ροεί.
1492 3562 1611 3606 Min.
1633 3567 1667 3606 t.
1684 3560 1714 3605 i.
1740 3573 1844 3618 294.

636 3638 650 3670 1
681 3638 796 3696 [bid.
819 3638 911 3683 xiii.
935 3653 980 3697 p.
1005 3651 1109 3697 293.
