2320 4126
393 193 503 247 262
707 197 927 250 Summa
950 196 1246 251 Homericae
1273 198 1335 251 de
1361 197 1562 250 divinis
1586 199 1861 251 sementim
1925 216 2083 251 PRAEL.
2106 218 2196 256 xv,

392 341 666 399 Obscure
727 343 1173 418 quodammodo
1234 344 1392 401 inter
1457 362 1518 401 se
1570 343 1922 410 miscentur,
1981 351 2052 401 ut
2109 345 2200 416 fit,
2265 396 2275 408 ,

393 441 635 518 auguris
681 442 823 510 visa,
867 449 930 498 et
977 441 1230 498 fortuita
1273 442 1575 517 quaedam,
1621 460 1760 516 quae
1808 441 2003 517 procis
2047 443 2202 500 aeci-

398 538 630 608 derant,
661 540 1165 616 intemperantius
1196 538 1601 616 epulantibus,

637 677 758 720 τοῖσι
780 675 828 718 δὲ
852 675 904 732 δὴ
926 674 1127 733 μετέειπε
1150 674 1454 733 Θεοκλύμενος
1475 675 1684 733 θεοειδής·

637 747 665 792 ἇ
686 749 844 801 δειλοὶ,
868 749 911 794 τὶ
933 750 1067 794 κακὸν
1087 749 1189 794 τόδε
1209 750 1412 808 πάσχετε
1424 768 1439 803 3
1473 750 1594 796 νυκτὶ
1614 750 1695 808 μὲν
1714 751 1858 809 ὑμέων

637 821 834 866 εἷλῦαται
857 823 1052 882 κεφαλαί
1071 842 1120 868 τε
1140 825 1364 882 πρόσωπά
1384 843 1447 877 τε,
1471 823 1599 883 νέρθε
1620 844 1668 870 τε
1688 828 1838 884 γοῦνα·

638 895 805 955 οἷμωγὴ
828 916 875 941 τε
897 896 1040 954 δέδηε,
1065 897 1350 957 δεδάκρυνται
1374 898 1421 942 δὲ
1442 899 1633 957 παρειαί·

638 1043 836 1087 εἰδώλων
857 1043 911 1087 δὲ.
926 1043 1066 1088 πλέον
1085 1045 1324 1104 πρόθυρον,
1346 1045 1479 1102 πλείη
1502 1046 1550 1090 δὲ
1574 1046 1644 1090 καὶ
1665 1045 1793 1102 αὐλή,

639 1115 817 1173 ἱεμένων
835 1116 1054 1175 ἐρεβόσδε
1074 1117 1160 1163 ὑπὸ
1183 1119 1338 1176 ζόφον·
1372 1116 1519 1174 ἠέλιος
1539 1119 1587 1163 δέ

633 1189 819 1249 οὐρανοῦ
838 1188 1115 1246 ἐξαπόλωλε,
1138 1190 1244 1248 κακὴ
1268 1190 1306 1235 δ’
1329 1190 1613 1250 ἐπιδέδρομεν
1633 1191 1790 1251 ἀχλύς.

633 1265 691 1310 ὡς
709 1262 858 1323 ἔφαθ’·
893 1265 934 1308 οἱ
957 1263 994 1308 δ’
1017 1264 1103 1323 ἄρα
1122 1265 1284 1311 πάντες
1303 1264 1371 1310 ἐπ’
1396 1267 1512 1327 αὐτῷ
1537 1265 1618 1323 ἡδὺ
1638 1265 1889 1325 γέλασσαν.

479 1388 603 1447 Sed
678 1391 894 1466 utique
955 1410 1167 1449 omnes
1227 1392 1597 1449 documento
1659 1397 1817 1459 sunt,
1879 1390 2061 1460 DeOS,
2123 1413 2201 1451 ex

394 1496 604 1547 mente
636 1487 910 1558 Homeri,
943 1508 1243 1549 summam
1272 1489 1497 1549 habere
1526 1490 1881 1548 meritorum
1912 1490 2203 1568 cujusque

395 1589 729 1646 rationem:
780 1590 942 1664 quod
975 1589 1023 1646 si
1056 1589 1202 1665 quid
1233 1589 1440 1647 durius
1471 1596 1535 1646 et
1568 1587 1789 1646 Stoicis
1829 1590 2074 1666 propius
2114 1591 2205 1647 in-

399 1687 730 1746 culcaverit
765 1706 1023 1763 sequens
1055 1686 1382 1744 Poetarum
1423 1694 1592 1754 aetaS,
1623 1687 1685 1744 id
1715 1693 1921 1745 nostro
1951 1688 2203 1747 minime

394 1787 543 1845 vitio
576 1787 745 1854 verti,
763 1787 1003 1845 debere.

478 1884 643 1955 Quin
689 1905 871 1962 opera
901 1885 1061 1955 data,
1103 1891 1174 1943 ut
1217 1884 1368 1942 mihi
1410 1885 1657 1961 quidem
1689 1884 1950 1953 videtur,
1983 1886 2046 1943 in
2084 1885 2201 1944 hoe

391 1985 710 2054 incumbit,
763 1991 834 2042 ut
893 1984 1111 2051 liberas
1170 1983 1488 2041 hominum
1543 1982 1891 2041 voluntates
1949 1984 2201 2043 mirifice

392 2089 696 2161 temperet
726 2102 867 2141 cum
899 2084 957 2141 vi
989 2103 1059 2142 ao
1089 2084 1317 2141 virtute
1351 2082 1658 2141 Numinis.
