2320 4126
163 252 317 287 pmcn.
339 254 424 288 xv.
487 235 673 285 Prooos
686 230 836 283 semel
852 236 997 298 atque
1010 228 1192 279 iterum
1206 225 1455 276 divinitus
1468 221 1746 274 admoneri.
1805 216 1908 269 261

98 420 107 432 .
166 383 501 451 quantoque
545 372 808 449 periculo
846 376 1112 427 versetur
1154 366 1366 441 aliquis
1410 367 1471 420 in
1515 363 1758 439 profano
1802 362 1915 416 isto

170 480 326 529 coetu
340 481 378 527 Ζ.

399 567 515 610 τοῖος
533 563 617 621 γὰρ
639 564 735 607 νόος
757 562 877 606 ἐστιν
898 559 1153 616 ἐπιχθονίων
1173 557 1422 614 ἀνθρώπων,

399 634 490 680 οἷον
510 634 573 678 ἐπ’
596 633 708 691 ἦμαρ
729 633 863 691 ἄγῃσι
883 632 1024 689 πατὴρ
1042 631 1208 688 ἀνδρῶν
1228 648 1273 673 τε
1297 629 1405 672 θεῶν
1425 646 1486 671 τε.

398 709 468 751 καὶ
488 707 572 765 γὰρ
594 706 677 764 ἐγώ
697 704 792 749 ποτ’
813 703 1002 761 ἔμελλον
1022 703 1068 747 ἐν
1087 702 1295 760 ἀνδράσιν
1315 700 1466 753 ὄλβιος
1487 696 1606 749 εἶναι,

400 780 548 824 πολλὰ
569 778 604 822 δ’
627 776 838 822 ἀτάσθαλ’
861 776 1002 834 ἔρεξα,
1022 776 1098 831 βίῃ
1121 775 1190 818 καὶ
1212 774 1359 831 κάρτεΐ
1378 771 1514 823 εἴκων,

395 852 528 910 πατρί
547 851 582 895 τ’
606 851 692 910 ἐμῷ
711 849 893 894 πίσυνος
914 849 982 891 καὶ
1003 848 1147 904 ἐμοῖσι
1169 845 1507 904 κασιγνήτοισιν.

398 927 458 983 τῷ
478 922 602 979 μήτις
620 940 726 966 ποτε
746 922 923 977 πάμπαν
942 919 1046 977 ἀνὴρ
1068 919 1316 975 ἀθεμίστιος
1337 916 1415 973 εἴη,

397 994 498 1038 ἀλλ’
521 994 596 1052 ὅγε
618 997 721 1052 σιγῇ
746 993 862 1050 δῶρα
883 992 990 1036 θεῶν
1009 989 1034 1035 ἕ
1035 1010 1122 1049 χοι,
1146 990 1183 1042 ὅ,
1208 1009 1274 1035 ττι
1295 990 1466 1034 διδοῖεν.

402 1065 460 1110 οἷ’
483 1068 593 1124 ὁρόω
614 1067 862 1122 μνηστῆρας
882 1064 1110 1108 ἀτάσθαλα
1129 1065 1447 1120 μηχανόωντας,

402 1137 592 1194 κτήματα
614 1137 843 1193 κείροντας,
865 1137 932 1178 καὶ
953 1135 1231 1191 ἀτιμάζοντας
1250 1134 1411 1177 ἄκοιτιν

402 1210 571 1266 ἀνδρὸς,
594 1208 642 1252 ὃν
663 1207 800 1252 οὐκέτι
823 1209 935 1265 φημὶ
956 1207 1102 1265 φίλων
1122 1207 1190 1250 καὶ
1210 1206 1415 1264 πατρίδος
1435 1204 1527 1262 α’ίης

403 1282 533 1339 δηρὸν
553 1280 843 1325 ἀπέσσεσθαι·
876 1281 993 1335 μάλα
1015 1280 1060 1322 δέ
1083 1279 1260 1336 σχεδόν·
1293 1278 1409 1322 ἀλλά
1431 1297 1485 1322 σε
1506 1278 1664 1334 δαίμων

404 1352 535 1397 οἴκαδ’
559 1354 837 1410 ὑπεξαγάγοι,
858 1351 953 1408 μηδ’
977 1352 1220 1396 ἀντιάσειας
1238 1350 1397 1410 ἐκείνῳ.

405 1425 566 1470 ὅπποτε
588 1424 817 1480 νοστήσειε
838 1426 974 1482 φίλην
995 1424 1038 1469 ἐς
1057 1424 1241 1482 πατρίδα
1262 1427 1400 1482 γαῖαν.

254 1507 615 1564 Gravissima
657 1525 796 1563 sane
842 1506 1107 1562 omnium
1153 1505 1357 1572 orati0‚
1398 1523 1645 1579 quaeque
1690 1510 1925 1560 tantum

172 1623 289 1659 non
358 1611 497 1660 ante
569 1603 768 1660 oculos
841 1609 1021 1677 ponat
1092 1601 1553 1658 misericordiam
1625 1599 1923 1666 NuminiS‚

174 1700 370 1755 omnia
435 1701 594 1774 prius
667 1699 967 1765 tentantis,
1042 1717 1218 1772 quam
1287 1717 1515 1754 coecum
1575 1697 1710 1752 ferri
1777 1696 1930 1752 sinat

171 1797 429 1852 amentia
474 1796 722 1870 propria.
809 1794 927 1851 Sed
987 1795 1151 1851 irrita
1208 1795 1366 1851 cadit
1425 1795 1550 1868 ejus
1609 1793 1928 1850 clementia

174 1900 296 1949 tam
347 1894 407 1948 in
460 1891 867 1967 Amphinomo
925 1910 1101 1965 quam
1161 1891 1222 1945 in
1281 1891 1545 1946 caeteris:
1620 1897 1931 1963 propterea

175 1990 330 2063 quod
382 1988 839 2063 Amphinomus,
892 1988 1002 2044 etsi
1057 1994 1183 2044 erat
1242 1986 1439 2042 animo
1498 1986 1559 2041 in
1616 1984 1930 2061 religiones

177 2086 462 2160 proniore,
506 2085 699 2141 noluit
743 2104 804 2141 se
845 2093 1047 2141 tamen
1090 2085 1164 2140 ab
1208 2084 1412 2139 infami
1458 2090 1694 2139 caterva
1737 2100 1931 2157 segre-

177 2201 332 2258 gare.
429 2180 623 2237 Immo
668 2182 727 2237 in
773 2188 1043 2237 extremo
1087 2181 1190 2236 illo
1235 2180 1559 2237 certamine
1603 2180 1931 2254 adjutorem

180 2297 241 2335 se
270 2277 591 2353 praestabat
622 2277 974 2333 facinorosis.
1066 2276 1163 2332 Ita
1194 2275 1349 2332 malo
1380 2275 1604 2350 pudore
1635 2275 1826 2350 periit,
1858 2294 1933 2331 ne

181 2372 405 2431 scilicet
434 2372 699 2448 partibus
728 2372 847 2428 suis
875 2390 1083 2446 parum
1113 2372 1264 2427 fidus
1295 2390 1421 2427 esse
1451 2370 1764 2426 diceretur.

263 2468 538 2543 Denique
582 2468 818 2544 auguris
856 2466 1274 2542 Theoclymeni
1313 2466 1575 2522 terribile
1610 2465 1757 2522 illud
1798 2465 1937 2523 effa-

185 2572 313 2621 tum
345 2564 485 2639 quid
514 2563 695 2632 aliud,
726 2563 985 2627 obsecro,
1018 2571 1202 2628 sonat,
1234 2562 1344 2618 nisi
1380 2569 1448 2617 ut
1489 2563 1648 2618 omni
1686 2563 1938 2619 crudeli-

185 2662 323 2718 tatis
374 2660 549 2735 culpa
592 2660 804 2716 liberet
850 2659 1073 2716 ultores
1124 2678 1227 2715 seu
1274 2658 1434 2715 Deos
1478 2659 1600 2714 sive
1646 2658 1935 2728 homineS‚

184 2764 382 2832 spreto
449 2756 632 2813 semel
693 2756 979 2830 ejusmodi
1046 2755 1316 2812 monito?
1405 2753 1499 2811 Ac
1556 2774 1743 2829 pauca
1799 2757 1936 2812 inde

185 2855 401 2909 iterum
453 2852 723 2909 recitanti
768 2853 843 2908 sit
895 2852 1100 2908 venia:
1168 2871 1304 2908 nam
1357 2857 1447 2907 est
1499 2851 1764 2926 profecto
1809 2852 1935 2927 dig-

188 2949 491 3004 nissimum
545 2966 799 3015 carmen,
859 2967 975 3022 quo
1026 2947 1413 3004 concludatur
1466 2947 1655 3004 omnis
1717 2947 1811 3004 hic
1864 2948 1937 3004 de

191 3042 441 3100 Homeri
472 3044 696 3118 pietate
728 3044 892 3102 locus
911 3052 966 3102 ¹²:
1306 3050 1309 3053 ’

431 3190 704 3202 ..........
722 3159 981 3215 Μνηστῆρσι
1002 3157 1048 3200 δὲ
1070 3158 1253 3202 Παλλὰς
1271 3156 1428 3212 Ἀθήνη

423 3227 649 3281 ἄσβεστον
667 3228 788 3286 γέλω
810 3229 942 3286 ὦρσε,
964 3227 1270 3286 παρέπλαγξεν
1291 3229 1338 3271 δὲ
1358 3231 1506 3284 νόημα.

425 3301 465 3342 οἱ
486 3299 522 3343 δ’
544 3300 622 3355 ἤδη
643 3301 875 3357 γναθμοῖσι
895 3301 1078 3358 γελοίων
1097 3298 1408 3357 ἀλλοτρίοισιν·

425 3371 723 3427 αἱμοφόρυκτα
744 3372 789 3414 δὲ
812 3372 862 3427 δὴ
886 3372 987 3429 κρέα
1007 3372 1174 3428 ἤσθιον·
1209 3372 1320 3416 ὅσσε
1342 3372 1377 3415 δ’
1401 3372 1483 3428 ἄρα
1507 3374 1617 3430 σφιν

426 3441 663 3500 δακρὺοφιν
683 3443 942 3499 πίμπλαντο·
976 3446 1079 3501 γόον
1101 3443 1135 3487 δ’
1159 3442 1280 3489 ὠΐετο
1302 3445 1447 3502 θυμός.

454 3562 467 3579 ¹
502 3555 589 3599 Od.
614 3557 734 3600 xviii.
764 3557 860 3613 136.
1454 3567 1477 3589 a
1507 3575 1579 3603 xx.
1604 3574 1704 3616 345.
