2320 4126
270 233 435 268 ruffin.
458 214 606 265 xvm.
707 210 1022 263 Promethea
1033 217 1248 280 propter
1273 208 1536 261 bonitatem
1562 208 1754 261 comari.
1929 207 2035 257 325

630 351 832 396 ἄλλοισιν
851 349 981 403 ἄλλα,
1004 351 1072 394 καὶ
1092 350 1402 407 διεστοιχίζετο

629 423 780 483 ἀρχήν·
811 426 982 482 βροτῶν
1001 423 1048 472 δὲ
1069 428 1153 468 τῶν
1172 424 1454 480 ταλαιπώρων
1473 423 1608 480 λόγον

631 497 706 541 οὐκ
727 497 860 554 ἔσχεν
878 495 1028 548 οὔδεν’,
1048 494 1148 540 ἀλλ’
1170 493 1392 540 ἀϊστώσας
1410 493 1534 552 γένος

632 569 681 613 τὸ
701 564 801 620 πᾶν,
824 567 1004 626 ἐχρῄζεν
1023 567 1136 612 ἀλλὸ
1159 569 1343 625 φιτῦσαι
1364 565 1475 610 νέον,

634 641 702 684 καὶ
722 639 877 684 τοῖσιδ’
900 640 1039 686 οὐδεὶς
1059 638 1279 693 ἀντέβαινε
1297 638 1413 695 πλὴν
1433 637 1552 695 ἐμοῦ.

632 713 716 771 ἐγὼ
737 711 773 757 δ’
796 711 1017 770 ἐτόλμησ’·
1051 712 1320 771 ἐξερυσάμην
1338 709 1539 772 βροτούς.

367 834 466 891 Ne
499 841 701 892 autem
739 833 1080 891 desideretis
1114 832 1336 909 aliquid
1373 833 1434 889 in
1470 832 1652 908 ipsius
1689 830 2030 888 Promethei

282 933 564 999 bonitate,
587 930 830 988 recolite
852 931 1050 999 mod0,
1070 929 1624 1007 qua'benevolentia
1646 935 2033 1005 prosequatur

279 1050 396 1087 non
436 1028 626 1087 solum
663 1027 970 1086 Oceanum
1000 1028 1087 1084 sui
1126 1027 1399 1094 amicum,
1432 1027 1536 1084 sed
1566 1027 1748 1083 etiam
1777 1023 2031 1082 Atlanta

279 1125 536 1190 fratrem,
578 1123 819 1179 diversis
859 1122 1000 1179 licet
1047 1141 1220 1180 usum
1242 1122 1554 1180 consiliis:
1616 1123 1800 1179 immo
1848 1121 2030 1179 etiam

278 1221 625 1297 Typhoeum,
660 1219 789 1276 Diis
819 1219 1091 1277 omnibus
1120 1219 1394 1287 invisum,
1426 1207 1584 1294 quod
1613 1218 1714 1279 ille
1744 1217 2031 1298 supplicia

279 1320 405 1377 luat
433 1326 558 1376 tam
586 1317 802 1395 gravia,
832 1323 955 1373 tam
987 1316 1249 1374 acerbay.

628 1452 727 1497 ἀλλ’
749 1451 954 1511 ἡσύχαζε,
975 1454 1137 1498 σαυτὸν
1157 1426 1349 1498 ἐκποδὼν
1368 1454 1494 1511 ἔχων·

627 1525 712 1584 ἐγὼ
731 1525 816 1583 γὰρ
837 1525 912 1569 οὐκ
933 1524 972 1568 εἷ
991 1525 1210 1583 δυστυχῶ,
1231 1525 1346 1569 τοῦδ’
1369 1524 1519 1570 οὕνεκα

627 1596 791 1655 θέλοιμ’
811 1595 863 1642 ἂν
883 1598 940 1643 ὡς
958 1597 1210 1642 πλείστοισι
1229 1599 1422 1655 πημόνας
1441 1600 1600 1655 τυχεῖν

631 1669 682 1713 οὗ
703 1667 810 1726 δῆτ’,
833 1668 926 1712 ἐπεί
943 1687 997 1726 με
1016 1668 1059 1727 χ’
1081 1670 1124 1712 αἶ
1145 1668 1404 1729 κασιγνήτου
1424 1668 1551 1728 τύχαι

627 1740 815 1798 τείρουσ’
826 1738 1083 1806 ”Ατλαντος,
1099 1740 1146 1787 ὃς
1164 1742 1274 1798 πρὸς
1288 1741 1500 1799 ἑσπέρους
1518 1743 1675 1786 τόπους

629 1813 798 1870 ἕστηκε,
820 1812 921 1857 κιόν’
943 1814 1124 1872 οὐρανοῦ
1145 1832 1192 1858 τε
1212 1814 1280 1857 καὶ
1299 1814 1458 1872 χθόνος

625 1888 758 1943 ὥμοιν
777 1885 961 1942 ἐρείδων,
984 1885 1118 1944 ἄχθος
1138 1887 1213 1930 οὐκ
1234 1886 1486 1945 εὐάγκαλον.

630 1959 706 2002 τὸν
723 1960 880 2016 γηγενῆ
902 1976 950 2001 τε
971 1958 1175 2003 Κιλικίων
1195 1958 1397 2016 οἷκητόρα

629 2027 793 2086 ἅντρων
813 2028 914 2072 ἰδὼν
932 2026 1130 2088 ᾧκτειρα,
1153 2028 1271 2074 δάϊον
1290 2029 1430 2087 τέρας,

627 2100 976 2160 ἑκατογκάρανον,
996 2101 1106 2161 πρὸς
1123 2102 1226 2156 βίαν
1243 2101 1524 2161 χειρούμενον

628 2171 814 2232 Τυφῶνα
835 2173 1005 2230 θοῦρον,
1027 2173 1152 2220 ὅστις
1170 2173 1354 2230 ἀντέστη
1377 2173 1504 2219 θεοῖς.

356 2291 396 2348 J
399 2310 515 2358 am,
563 2290 721 2364 quod
766 2290 1057 2347 indefessa
1093 2289 1197 2347 illa
1242 2290 1474 2347 bonitas
1515 2289 1720 2347 multis
1770 2289 2025 2365 magnis-

272 2406 387 2463 que
429 2392 679 2442 vexatur
712 2385 1151 2460 impedimentis
1170 2404 1184 2453 ;
1235 2386 1397 2463 quod
1435 2385 1617 2443 habet
1650 2386 2023 2461 gravissimos

273 2484 433 2540 omni
467 2489 735 2556 tempore
770 2481 1163 2547 adversarios;
1208 2482 1394 2539 nostis
1423 2482 1630 2556 utique
1659 2481 2026 2538 necessitatis

275 2580 612 2655 opinionem
636 2579 833 2654 vigere
861 2579 923 2634 in
952 2578 1344 2653 complurium
1374 2578 1600 2644 animis,
1630 2596 1766 2653 quae
1795 2577 2024 2634 ratione

272 2682 334 2733 et
380 2675 475 2732 via
518 2674 845 2731 mirandam
886 2673 1038 2730 hanc
1069 2693 1278 2730 >rerum
1318 2682 1684 2731 terrenarum
1731 2690 2023 2731 summam

272 2778 574 2845 utcunque
605 2769 900 2845 explicare
932 2771 1218 2827 videatur.
1307 2770 1465 2839 Quid
1498 2768 1795 2845 quaeritis?
1846 2770 1895 2826 is
1934 2787 2024 2826 re-

230 2915 243 2923 .
271 2887 400 2926 rum
432 2866 617 2923 ferme
640 2867 905 2922 omnium
928 2872 1019 2924 est
1048 2865 1223 2934 color,
1247 2873 1316 2923 ut
1344 2867 1406 2923 in
1429 2885 1493 2924 os
1522 2865 1633 2941 ipsi
1664 2864 2022 2930 Prometheo

269 2963 466 3027 veniat
494 2962 650 3020 ultro
681 2963 994 3022 decantata
1022 2963 1318 3023 sententia
1328 2972 1365 3031 Ζ,

676 3099 754 3155 τὴν
771 3099 1051 3157 πεπρωμένην
1070 3099 1116 3143 δὲ
1136 3099 1221 3158 χρὴ

531 3211 533 3213 .
619 3169 748 3216 αἶσαν
769 3171 921 3230 φέρειν
941 3173 999 3218 ὡς
1017 3170 1174 3230 ῥᾴστα,
1195 3170 1476 3230 γιγνώσκονθ’
1499 3170 1565 3215 ὅτι

556 3287 559 3289 ,
591 3307 596 3312 ¹
617 3244 667 3287 τὸ
686 3246 761 3301 τῆς
781 3243 963 3303 ἀνάγκης
982 3243 1073 3289 ἐστ’
1094 3242 1295 3301 ἀδήριτον
1315 3243 1482 3288 σθένος·

265 3367 390 3441 ejus
447 3365 671 3423 scilicet
740 3367 1125 3433 necessitatiS,
1199 3367 1365 3440 cujus
1438 3366 1697 3428 habenas
1769 3371 2014 3422 teneant

544 3566 561 3591 y
593 3559 739 3602 Prom.
764 3570 866 3616 355.
1463 3568 1476 3585 ²
1508 3561 1621 3606 Ibid.
1649 3573 1745 3615 105.
