2320 4126
192 243 351 276 PRAEL.
379 243 511 276 xvn.
630 224 812 275 Persas
837 220 898 274 ab
919 220 1164 289 [Esckylo
1189 236 1286 272 non
1310 220 1544 272 irrideri.
1836 218 1943 271 305

194 374 283 423 tot
311 373 535 441 genteS,
562 380 806 439 quarum
833 362 1100 419 terminis
1130 361 1210 418 ibi
1242 361 1521 418 definitur
1544 361 1759 416 summi
1790 361 1943 435 regis

191 462 522 537 imperium.

275 558 603 622 Postremo,
634 575 750 610 non
797 551 1071 629 equidem
1113 553 1337 611 inficias
1380 550 1605 618 iverim,
1637 550 1946 610 molestius

191 652 627 728 quodammodo
672 651 845 707 ferire
889 670 1057 707 aures
1088 651 1420 726 fragmenta
1461 649 1562 706 illa
1600 651 1945 716 naeniarum,

192 767 295 805 seu
352 746 611 813 κόμματα
672 746 832 821 (quae
892 751 1130 820 vocant)
1190 747 1402 820 quibus
1453 763 1515 802 se
1565 746 1817 802 invicem
1871 746 1944 801 ad

191 842 400 899 fletum
457 850 798 917 provocant,
851 842 959 898 sub
1017 843 1134 898 fine
1193 843 1529 918 Tragoediae‚
1591 841 1827 898 Xerxes
1885 849 1949 898 et

193 939 411 996 ehoriei
449 958 634 995 senes,
724 938 944 1012 Neque
984 945 1187 995 tamen
1232 939 1404 995 facile
1448 938 1592 994 mihi
1638 939 1947 1014 quisquam

194 1035 589 1110 persuadebit,
647 1034 913 1092 adhiberi
970 1035 1084 1091 ista
1142 1035 1342 1091 dedita
1399 1053 1577 1109 opera
1633 1037 1705 1091 ad
1766 1036 1947 1091 risum

195 1131 413 1188 theatri
442 1133 825 1198 movendum,
847 1150 984 1187 eum
1003 1131 1233 1188 videam
1261 1132 1468 1187 eadem
1499 1131 1674 1206 plane
1698 1132 1952 1188 formula

195 1228 588 1303 querimonias
646 1235 707 1284 et
779 1227 975 1284 lue-tus
1041 1228 1103 1283 in
1171 1227 1299 1284 aliis
1358 1247 1592 1302 quoque
1650 1229 1953 1305 tragoediis

196 1331 444 1390 exstare,
475 1324 578 1382 ubi
622 1323 819 1379 nullus
857 1323 1096 1380 omnino
1135 1323 1299 1380 loeus
1338 1331 1465 1380 erat
1509 1326 1754 1381 ridendi.
1843 1325 1953 1384 Vi-

148 1474 150 1476 ,
197 1421 372 1477 detur
413 1428 615 1476 autem
658 1420 931 1476 universa
970 1423 1078 1476 τῶν
1121 1417 1416 1486 κομμάτων
1460 1422 1609 1477 ratio
1647 1422 1833 1496 magis
1878 1423 1950 1478 ad

197 1523 465 1576 cantores
495 1535 671 1591 quam
701 1517 774 1572 ad
814 1516 1032 1573 Poetas
1062 1516 1430 1592 pertinuisse.
1518 1517 1613 1573 De
1647 1519 1852 1583 verbiS,
1884 1527 1952 1574 ut

197 1613 419 1688 opinor,
460 1632 579 1669 non
613 1612 871 1669 multum
917 1613 999 1670 ibi
1043 1613 1426 1682 laborabant3
1474 1615 1734 1671 numeris
1770 1616 1956 1671 tribu-

200 1708 410 1764 ebatur
440 1707 629 1764 omnis
661 1727 799 1764 eura
829 1715 890 1764 et
921 1710 1201 1766 studium.

285 1804 483 1871 Quare
530 1805 629 1878 qui
669 1804 814 1860 velit
865 1806 1104 1861 omnino
1151 1806 1360 1862 Persas
1407 1803 1564 1881 apud
1609 1803 1955 1882 AEschylum

201 1900 455 1957 ludibrio
486 1900 705 1966 haberi,
736 1902 785 1957 is
815 1918 1055 1958 neeesse
1086 1908 1176 1957 est
1206 1920 1325 1958 non
1355 1910 1594 1959 maneat
1624 1904 1684 1959 in
1715 1904 1961 1979 singulis

202 1997 481 2063 versibUS,
514 1994 617 2053 sed
662 1998 935 2054 acerbam
972 1994 1266 2073 quandam
1312 2000 1561 2056 ironiam
1593 2007 1722 2057 tota
1760 2001 1962 2057 fabula

205 2092 451 2149 diffundi
485 2094 738 2168 judicet.
824 2094 977 2162 Quae
1021 2096 1212 2170 primo
1257 2097 1598 2171 conjectura
1645 2104 1735 2153 est
1778 2115 1960 2163 mera,

125 2225 129 2228 ⁴
204 2195 267 2244 et
311 2207 380 2244 ea
416 2189 654 2263 quidem
683 2190 1088 2266 frigidissima,
1122 2206 1259 2247 eum
1302 2189 1524 2248 nullam
1572 2192 1789 2249 habeat
1836 2213 1965 2268 spe-

205 2284 357 2340 eiem
397 2284 538 2351 veri,
575 2303 703 2358 quae
742 2284 1078 2362 legentibus
1117 2287 1275 2343 ultro
1313 2307 1374 2345 se
1411 2287 1637 2347 offerat.
1727 2289 1961 2347 Deinde

205 2378 305 2434 vix
364 2379 477 2436 diei
529 2387 744 2454 potest,
805 2402 981 2457 quam
1041 2383 1216 2459 longe
1274 2383 1588 2441 abhorreat
1644 2386 1757 2442 ista
1815 2387 1966 2442 ratio

206 2475 280 2531 ab
330 2475 528 2532 indole
576 2477 892 2552 animoque
938 2480 1289 2535 severissimi
1331 2481 1595 2536 omnium
1648 2481 1963 2556 scriptoris.

208 2571 573 2647 AEsehylum,
625 2592 744 2629 non
787 2574 966 2630 modo
1012 2570 1281 2643 Poetam‚
1335 2595 1541 2632 verum
1597 2576 1774 2634 etiam
1836 2595 1970 2654 gra-

208 2665 462 2722 vissimae
535 2661 714 2725 seotae
778 2668 1224 2745 Philosophum,
1275 2671 1482 2746 jocari,
1548 2690 1713 2729 more
1779 2674 1965 2730 ferme

208 2759 684 2836 Aristophani00‚
718 2765 779 2820 in
810 2783 880 2821 ea
909 2782 990 2833 re,
1021 2785 1136 2840 qua
1166 2768 1585 2824 contineantur
1623 2787 1740 2825 non
1771 2770 1962 2826 solum

208 2857 584 2921 Athenarum
618 2859 872 2918 fortunae
913 2862 1015 2917 sed
1051 2869 1113 2918 et
1152 2863 1410 2920 universi
1440 2871 1728 2921 terrarum
1772 2867 1928 2923 orbis
1957 2866 1967 2922 !

213 2952 397 3010 Miles
436 2973 572 3010 eum
610 2955 805 3021 fuerit,
838 2964 900 3013 et
939 2957 1125 3033 gloria
1167 2958 1408 3015 militari
1439 2967 1700 3028 ornatUS,
1741 2962 1967 3019 irrideri

210 3050 285 3106 ab
310 3070 379 3106 eo
411 3051 564 3107 viros
593 3051 790 3119 fortes,
823 3054 948 3129 ejus
979 3074 1157 3130 opera
1186 3057 1450 3113 devictos
1481 3065 1542 3114 et
1571 3058 1838 3134 fugatos!
1887 3060 1966 3116 Et

211 3147 369 3220 quod
400 3147 665 3204 omnium
686 3151 1015 3208 maximum
1040 3159 1147 3218 est,
1174 3153 1366 3210 cultor
1389 3156 1489 3228 qui
1514 3161 1669 3211 esset
1700 3156 1966 3212 assiduus

212 3240 495 3309 Deorum,
528 3249 590 3299 et
619 3244 999 3321 religionibus
1036 3248 1121 3304 ex'
1151 3250 1348 3305 animo
1381 3250 1632 3317 deditus,
1662 3251 1968 3325 pueriliter

212 3355 350 3392 eum
395 3337 598 3395 ludere
643 3346 704 3396 et
748 3342 1025 3410 cavillari,
1062 3362 1180 3417 quo
1221 3351 1490 3419 tempore
1539 3346 1699 3419 (nam
1742 3347 1790 3404 is
1829 3348 1968 3404 Tra-

212 3434 424 3508 goediae
469 3435 653 3492 totius
695 3444 786 3494 est
829 3441 1023 3515 tenor)
1071 3439 1201 3496 Diis
1245 3442 1490 3516 agendae
1536 3450 1704 3499 erant
1747 3445 1966 3520 gratiae,

146 3579 150 3583 ,
215 3529 492 3597 delubris,
523 3532 814 3603 domibus,
843 3553 906 3590 re
935 3535 1095 3590 omni
1126 3534 1363 3609 publiea
1393 3537 1636 3593 servatis
1663 3537 1673 3593 !

1065 3647 1106 3685 X
