2320 4126
144 280 300 315 pum„
324 279 396 311 nc.
578 257 836 310 Bellicosae
860 257 963 325 ejus
987 257 1174 308 indolis
1197 258 1460 325 specimen.
1793 259 1899 313 127

143 405 345 470 Poeta,
389 421 486 459 me
523 403 744 476 judice,
789 401 1028 476 propius
1074 401 1148 457 ad
1197 400 1588 456 Homericum
1640 418 1896 468 cursum,

140 505 442 557 actuosum
484 497 653 553 illum
684 516 752 553 ao
783 496 1070 571 rapidum,
1103 495 1368 552 accessit.
1461 495 1595 551 Hoc
1637 495 1898 552 maxime

140 595 436 661 intererat,
469 593 627 667 quod
658 592 865 649 habuit
898 591 1197 648 Homerus
1228 609 1434 647 verum
1467 591 1609 646 vitae
1639 610 1900 648 morum-

143 710 257 766 que
287 688 607 764 exemplar,
639 689 796 762 quod
828 689 989 744 omni
1030 671 1298 762 tempore
1338 693 1536 761 posset
1572 688 1899 761 respicere3

145 788 368 845 Nostro
409 804 641 860 semper
679 783 991 840 evolvendi
1035 790 1204 841 erant
1247 782 1397 850 libri,
1438 782 1696 850 annales,
1736 789 1899 840 vete-

142 903 272 940 rum
323 881 600 938 earmina.
689 879 819 946 Ille,
870 898 1015 953 quos
1068 880 1430 955 depingeret,
1485 879 1668 946 vidit;
1719 881 1897 937 modo

147 985 312 1035 erant
342 977 539 1033 omnia
567 976 628 1031 in
658 975 848 1049 majus
882 994 950 1031 ao
990 974 1289 1050 pulchrius
1329 975 1644 1032 mutanda:
1698 975 1897 1051 Hujus

141 1073 268 1139 fuit,
308 1071 642 1128 obsoletum
689 1089 877 1146 genus
917 1070 1226 1126 hominum
1269 1089 1305 1126 a
1347 1071 1606 1128 tenebris
1650 1078 1713 1128 et
1756 1073 1893 1140 sita,

140 1176 208 1224 ut
237 1167 452 1242 potuit,
485 1165 799 1221 vindicare.

223 1262 341 1319 Sed
372 1262 549 1318 redeo
590 1261 663 1317 ad
697 1279 783 1326 ea,
814 1260 1026 1335 quibus
1061 1260 1360 1317 Homerus
1400 1280 1622 1329 eorum,
1655 1281 1789 1336 quae
1820 1264 1895 1320 ad

139 1358 411 1414 militiam
440 1356 759 1431 pertinent,
790 1374 1040 1431 gnarum
1071 1375 1133 1412 se
1160 1366 1581 1431 amantemque
1616 1359 1892 1432 prodidit.

140 1454 406 1522 Quorum
473 1454 733 1527 ipsorum
801 1451 1160 1508 luculentior
1223 1454 1337 1508 erit
1401 1454 1569 1521 ratio,
1628 1455 1676 1511 si
1742 1455 1896 1512 mili-

140 1557 364 1607 tantem
398 1548 559 1623 quasi
598 1566 1021 1622 prosequemur
1059 1548 1312 1623 primum
1352 1549 1411 1604 in
1443 1556 1648 1618 eastra,
1681 1552 1894 1609 deinde

137 1647 198 1702 in
261 1645 464 1711 aciem,
517 1650 815 1718 postremo
872 1663 979 1719 per
1036 1645 1245 1712 otium,
1296 1646 1614 1720 gymnasia,
1668 1647 1890 1723 epulas.

140 1741 531 1817 Apparebunt
589 1740 807 1814 ubique
866 1759 984 1795 non
1041 1759 1243 1815 pauca,
1303 1741 1499 1816 qualia
1560 1744 1659 1801 vix
1716 1744 1891 1802 alicui

139 1837 440 1913 potuerint
479 1835 541 1891 in
581 1842 846 1892 mentem
887 1836 1103 1902 venire,
1135 1837 1246 1893 nisi
1276 1857 1339 1894 re
1377 1857 1446 1896 ao
1478 1839 1726 1898 veritate
1766 1841 1892 1917 ipsa

134 1933 430 2007 magistra.

219 2028 531 2103 PrincipiO,
565 2046 852 2103 ponamus
876 2035 1015 2084 ante
1039 2028 1238 2085 oeulos
1269 2029 1524 2087 clamosa
1551 2030 1654 2088 illa
1682 2039 1887 2101 castra,

137 2131 198 2181 et
226 2124 507 2199 inquieta,
539 2125 818 2198 omnique
841 2131 1012 2181 motu
1040 2124 1158 2181 huo
1188 2125 1329 2182 illue
1361 2128 1637 2185 nutantia
1653 2135 1698 2185 ὃ.

379 2236 516 2282 Ἠΰτε
536 2237 659 2281 ἔθνεα
680 2235 767 2281 εἶσι
785 2237 1042 2294 μελισσάων
1064 2237 1258 2289 ἀδινάων,

377 2310 534 2365 πέτρης
555 2310 600 2353 ἐκ
621 2311 852 2367 γλαφυρῆς
873 2310 955 2352 αἰεὶ
977 2310 1072 2354 νέον
1092 2310 1374 2368 ἐρχομενάων·

377 2381 592 2438 βοτρυδὸν
612 2380 659 2423 δὲ
680 2381 878 2424 πέτονται
900 2380 964 2424 ἐπ’
986 2380 1162 2425 ἄνθεσιν
1182 2382 1446 2440 εἰαρινοῖσιν·

378 2455 421 2496 αἶ
441 2453 520 2509 μέν
540 2453 575 2497 τ’
599 2453 700 2497 ἔνθα
719 2451 817 2499 ἅλις
836 2452 1114 2508 πεποτήαται,
1137 2455 1180 2497 αἶ
1202 2454 1253 2497 δέ
1269 2473 1316 2498 τε
1336 2455 1451 2499 ἔνθα·

380 2525 436 2568 ὣς
455 2528 539 2567 τῶν
559 2523 682 2567 ἔθνεα
700 2524 848 2567 πολλὰ
868 2528 973 2567 νεῶν
992 2523 1078 2567 ἄπο
1098 2524 1166 2566 καὶ
1188 2524 1396 2569 κλισιάων

381 2591 521 2648 ἠϊόνος
539 2593 805 2651 προπάροιθε
824 2594 1002 2649 βαθείης
1023 2594 1287 2652 ἐστιχόωντο

381 2666 532 2709 ἰλαδὸν
552 2666 611 2711 εἷς
631 2665 806 2724 ἀγορήν.
839 2667 947 2723 μετὰ
967 2667 1016 2710 δὲ
1038 2667 1201 2724 σφίσιν
1210 2666 1368 2711 ’Ὄσσα
1388 2668 1542 2724 δεδήει,

386 2734 611 2793 ὀτρύνουσ’
634 2735 753 2788 ἰέναι,
776 2738 878 2782 Διὸς
898 2737 1095 2795 ἅγγελος·
1128 2739 1169 2781 οἱ
1190 2737 1226 2781 δ’
1249 2738 1469 2796 ἀγέροντο.

378 2807 575 2866 τετρήχει
596 2808 631 2852 δ’
654 2807 804 2866 ἀγορή,
826 2809 909 2853 ὑπὸ
932 2809 980 2852 δὲ
1001 2810 1284 2868 στοναχίζετο
1304 2814 1420 2869 γαῖα,

378 2882 497 2924 λαῶν
518 2881 702 2933 ἱζόντων,
725 2879 884 2935 ὅμαδος
911 2879 948 2925 δ’,
969 2879 1033 2935 ἣν·
1068 2881 1186 2925 ἐννέα
1207 2882 1258 2925 δέ
1276 2884 1419 2941 σφεας

383 2949 558 3008 κήρυκες
575 2953 789 3004 βοόωντες
810 2950 1000 3009 ἐρήτυον,
1023 2950 1156 2997 εἴπατ’
1178 2953 1308 3010 ἀϋτῆς

383 3027 546 3082 σχοῖεν,
569 3023 794 3069 ἀκούσειαν
814 3025 860 3068 δέ
883 3025 1156 3083 Διοτρεφέων
1174 3027 1414 3082 βασιλήων.

382 3095 551 3150 σπουδῇ
573 3094 609 3138 δ’
632 3094 748 3149 ἕζετο
769 3097 889 3147 λαός,
914 3095 1113 3154 ἐρήτυθεν
1133 3098 1180 3141 δὲ
1202 3097 1293 3142 καθ’
1317 3098 1457 3157 ἕδρας,

380 3165 646 3223 παυσάμενοι
667 3169 872 3225 κλαγγῆς·
939 3201 1329 3213 ......

138 3279 345 3338 Nolite
374 3301 513 3339 vero
541 3290 751 3359 putare
791 3283 877 3357 (id
908 3286 1064 3360 quod
1099 3304 1301 3341 vereor
1335 3303 1411 3341 ne
1451 3284 1714 3340 maxima
1756 3304 1888 3360 pars

137 3374 444 3433 hominum
483 3378 734 3451 judicet,
780 3398 917 3436 eum
963 3399 1033 3437 ea
1071 3381 1262 3455 prima
1305 3381 1434 3438 vice
1478 3380 1710 3457 legunt)
1763 3399 1886 3441 rem

880 3594 898 3612 ·
919 3588 974 3632 11.
996 3588 1042 3632 ii.
1064 3588 1136 3645 87.
