2320 4126
415 1093 1080 1161 PRAELECTIO
1154 1094 1656 1162 SEPTIMA.

162 1479 435 1537 Expenditur
458 1482 604 1538 primo
634 1481 843 1525 universae
864 1481 1022 1524 Iliadis
1052 1487 1359 1538 aryumentum,
1392 1480 1544 1524 deinde
1573 1481 1712 1537 ipsius
1730 1479 1920 1522 Achillis

212 1567 415 1609 persona.
486 1554 696 1611 Utrinque
716 1554 911 1611 efficitur,
926 1555 1157 1598 Homerum
1178 1554 1237 1597 ad
1254 1553 1525 1598 scribendum
1544 1552 1707 1610 impelli
1720 1551 1918 1609 potuisse

220 1639 362 1668 rerum
383 1626 670 1669 Heroicarum
689 1626 916 1670 desiderio.

307 1807 758 1866 ISPUTATIO
806 1815 1006 1866 nostra
1049 1810 1123 1866 de
1168 1809 1356 1866 Iliade
1401 1811 1544 1874 duas
1588 1809 1712 1866 fere
1756 1827 1917 1866 com-

347 1907 646 1983 plectetur
687 1912 920 1981 partes:
965 1904 1259 1972 Alteram,
1305 1924 1554 1980 eamque
1597 1904 1773 1981 longe
1812 1924 1917 1980 po-

158 2004 389 2072 tiorem,
421 2003 661 2059 ductam
699 2002 773 2058 ab
809 2002 991 2077 ipsius
1022 2001 1322 2058 Poematis
1367 2001 1550 2069 serie3
1595 2020 1725 2075 quae
1755 2002 1918 2059 vide-

158 2100 315 2169 licet,
373 2105 604 2157 attente
662 2099 903 2175 legenti,
962 2117 1252 2172 nusquam
1319 2116 1437 2154 non
1505 2097 1618 2154 erit
1678 2098 1916 2167 indicio,

159 2195 408 2254 Poetam
467 2196 666 2252 omnia
728 2196 938 2252 eodem
995 2194 1170 2270 plane
1234 2195 1449 2261 anim0,
1509 2214 1626 2269 quo
1685 2201 1916 2253 veteres

159 2290 406 2360 Heroas,
452 2291 839 2367 contemplari
881 2310 1010 2348 esse
1055 2290 1333 2347 solitum:
1391 2289 1685 2358 Alteram,
1738 2293 1916 2367 scrip-

158 2390 297 2446 sisse
349 2389 682 2445 Homerum
741 2407 811 2444 eo
863 2389 1146 2462 temporis
1193 2394 1432 2462 punct0,
1480 2406 1597 2461 quo
1654 2390 1914 2446 maxime

155 2487 416 2560 potuerit
459 2487 532 2543 ad
568 2486 769 2541 vivum
803 2491 1142 2559 penetrasse
1183 2484 1488 2540 heroicum
1528 2483 1676 2541 illud
1717 2484 1914 2555 πάθος,

157 2588 218 2638 et
254 2582 449 2638 saeculi
478 2583 605 2656 jam
645 2581 897 2637 labentis
938 2580 1311 2636 desiderium.
1399 2579 1495 2635 Ex
1534 2580 1748 2654 quibus
1792 2581 1915 2637 effi-

156 2678 359 2744 cietur,
411 2677 700 2752 probabili
756 2683 917 2734 certe
963 2676 1208 2743 ratione,
1256 2675 1592 2731 Homerum
1648 2676 1781 2733 ideo
1839 2678 1914 2734 ad

155 2772 531 2829 scribendum
582 2772 911 2838 accessisse,
962 2777 1032 2827 ut
1089 2771 1374 2845 inquietO,
1433 2789 1552 2846 quo
1609 2756 1912 2847 flagrabat,

153 2870 412 2945 priorum
469 2875 808 2944 temporum
863 2868 1290 2943 hominumque
1342 2868 1527 2925 amori
1584 2862 1779 2943 aliqua
1837 2889 1913 2926 ex

153 2970 322 3039 parte
349 2971 549 3039 posset
579 2964 820 3032 mederi.

236 3060 375 3117 Jam
421 3067 560 3117 ante
618 3061 817 3116 omnia
874 3066 1213 3135 spectemus
1272 3066 1510 3135 oportet
1568 3061 1911 3118 universum

152 3160 334 3234 ipsius
370 3158 572 3216 Iliadis
616 3166 1053 3236 argumentum.
1126 3152 1486 3218 Videndum
1527 3178 1601 3215 an
1650 3161 1709 3216 id
1758 3161 1912 3234 ejus—

152 3256 314 3311 modi.
374 3256 465 3323 sit,
523 3257 682 3330 quod
739 3257 892 3312 votis
954 3257 1307 3331 respondeat
1366 3256 1577 3311 fervidi
1634 3255 1909 3324 hominis,

154 3352 325 3408 oculo
355 3354 416 3409 in
444 3373 536 3411 res
565 3353 831 3410 heroicas
859 3354 1034 3410 unice
1065 3353 1261 3409 defixo
1291 3362 1353 3409 et
1384 3353 1637 3408 intento.

258 3448 392 3516 Quo
449 3451 510 3506 in
572 3450 703 3507 loco
760 3450 907 3506 illud
965 3450 1224 3524 primum
1283 3449 1555 3515 occurrit,
1614 3448 1716 3505 vix
1774 3449 1908 3509 illos

153 3547 379 3620 assequi
447 3553 711 3604 mentem
773 3546 1041 3614 Homeri,
1101 3547 1203 3621 qui
1275 3564 1567 3602 summam
1637 3546 1905 3621 praeclari
