2320 4126
377 253 487 310 190
827 254 1095 324 Specimen
1121 255 1294 307 civilis
1319 254 1429 319 otii,
1459 254 1725 307 Phaeaces,
1899 273 2060 308 PRAEL.
2080 274 2173 307 ΧΗ.

375 402 742 460 carminibus
789 411 852 460 et
899 405 1110 482 magiae
1156 422 1399 479 operam
1448 401 1711 469 dantem,
1759 420 1865 458 seu
1914 402 2174 478 denique

375 501 749 559 dulcissimas
793 502 926 559 illas
973 502 1264 579 Calypsus
1309 500 1511 557 medio
1560 500 1622 556 in
1676 500 1825 557 mari
1876 499 2173 558 latebras:

375 602 578 658 omnia
608 601 839 658 videbis
881 601 1212 677 comparari
1250 601 1325 657 ad
1369 599 1562 657 otium
1610 600 2174 667 commendandum,

374 699 765 775 animumque
796 699 1188 757 mulcendum
1231 699 1524 755 memoria
1554 698 1904 756 domesticae
1936 699 2173 776 quietis,

463 798 684 875 Neque
718 818 859 856 vero
901 799 1087 856 alium
1120 805 1362 856 servant
1398 805 1674 855 tenorem
1707 817 1838 873 quae
1874 798 1937 854 in
1969 797 2177 856 Phaea-

374 897 529 953 ciam
592 897 795 955 delato
848 898 1003 955 fiunt
1057 897 1268 955 obvia:
1329 897 1432 973 qui
1483 896 1650 954 100113
1705 895 2170 955 Homericorum

374 995 646 1079 omnium
692 996 959 1054 maxime
1003 1004 1218 1075 regnat
1261 996 1324 1053 in
1379 996 1503 1053 otio
1557 995 1718 1053 civili
1764 996 2174 1064 describendo,

374 1101 557 1170 atque
599 1096 659 1152 in
706 1095 778 1153 iis
810 1116 942 1172 quae
972 1097 1280 1172 pertinent
1323 1096 1395 1153 ad
1442 1095 1659 1153 stabile
1701 1115 1770 1153 ac
1803 1095 1972 1172 quasi
2004 1115 2175 1154 orna-

374 1200 507 1250 tum
541 1194 782 1251 vivendi
813 1213 1022 1272 genus

464 1292 785 1370 PrincipiO,
826 1313 899 1351 ea
929 1313 1066 1370 quae
1098 1292 1469 1370 lepidissime
1506 1301 1839 1362 narrantur,
1880 1313 2002 1351 non
2047 1295 2174 1352 sine

373 1392 614 1473 ἀφελείᾳ
652 1393 931 1470 quadam,
964 1393 1040 1450 de
1072 1392 1255 1450 choro
1286 1393 1392 1451 illo
1422 1393 1779 1471 puellarum,
1813 1394 1915 1470 qui
1945 1394 2175 1471 primus

375 1495 636 1551 occurrit
666 1495 863 1570 ejecto
894 1494 955 1550 in
988 1493 1161 1550 littus
1185 1493 1485 1570 ignotum,
1511 1494 1808 1570 ejusmodi
1841 1500 1985 1551 sunt
2009 1514 2175 1571 pror-

375 1612 492 1659 SUS,
528 1613 664 1669 quae
688 1593 964 1670 naufragi
988 1591 1243 1669 hospitis
1267 1593 1539 1650 animum
1570 1593 1634 1649 in
1660 1612 1902 1650 suarum
1923 1593 2176 1652 famula-

374 1712 505 1749 rum
546 1683 735 1768 pensa
767 1692 1049 1748 referant.
1142 1690 1449 1749 Credibile
1481 1699 1574 1750 est
1606 1692 1872 1750 maxime
1908 1712 2175 1751 commo-

375 1792 499 1850 veri
547 1811 772 1869 aegrum
813 1811 882 1848 ac
929 1791 1154 1848 fessum
1197 1810 1267 1848 ac
1312 1790 1510 1848 multo
1557 1790 1680 1850 sale
1714 1793 2037 1869 jactatum,
2077 1794 2175 1851 vel

374 1894 503 1968 ipsa
546 1890 652 1948 illa
682 1890 1015 1948 festivitate
1053 1910 1122 1948 ac
1155 1890 1308 1959 111311,
1343 1890 1536 1967 qualis
1575 1910 1704 1950 esse
1746 1892 1900 1951 solet
1945 1913 2172 1963 earum,

373 2011 505 2067 quae
536 1997 735 2048 totum
769 1989 1044 2047 aestivum
1077 1989 1238 2046 diem
1270 2009 1493 2047 securae
1524 1990 1635 2048 sub
1667 1991 1766 2048 dio
1797 2000 2031 2070 aganta.

614 2113 752 2172 αὐτὰρ
770 2113 864 2158 ἐπεὶ
886 2114 1056 2158 πλῦνάν
1077 2133 1125 2158 τε
1148 2113 1340 2171 κάθηράν
1360 2133 1408 2158 τε
1428 2113 1546 2173 ῥύπα
1566 2115 1722 2169 πάντα,

555 2244 561 2250 ⁸
615 2186 756 2244 ἑξείης
775 2186 978 2231 πέτασαν
997 2186 1116 2245 παρὰ
1138 2186 1216 2231 θῖν’
1240 2186 1362 2240 ἁλὸς,
1385 2183 1463 2246 ᾗχι
1484 2188 1683 2245 μάλιστα

613 2261 801 2319 λάῖγγας
822 2261 926 2305 ποτὶ
946 2260 1117 2319 χέρσον
1138 2259 1450 2307 ἀποπλύνεσκε
1472 2260 1698 2307 θάλασσα.

613 2336 658 2378 αἱ
680 2335 726 2378 δέ
749 2336 1050 2392 λοεσσάμεναι
1073 2335 1142 2378 καὶ
1164 2335 1429 2394 χρισάμεναι
1450 2334 1543 2380 λίπ’
1567 2335 1717 2396 ἐλαίῳ,

614 2409 791 2454 δεῖπνον
812 2408 946 2454 ἔπειθ’
971 2408 1146 2454 εἵλοντο
1168 2408 1268 2468 παρ’
1293 2408 1482 2468 ὄχθῃσιν
1502 2412 1731 2468 ποταμοῖο·

615 2481 769 2541 εἵματα
792 2482 828 2528 δ’
852 2482 1018 2540 ἠελίοιο
1039 2483 1170 2541 μένον
1191 2482 1453 2542 τερσήμεναι
1475 2483 1604 2543 αὐγῇ.

613 2556 750 2615 αὐτὰρ
775 2556 868 2601 ἐπεὶ
892 2557 1020 2601 σίτου
1042 2556 1240 2615 τάρφθεν
1261 2557 1402 2614 δμωαί
1423 2576 1470 2601 τε
1493 2557 1564 2602 καὶ
1586 2555 1710 2614 αὐτή,

615 2632 788 2691 σφαίρῃ
811 2630 919 2676 ταίτ’
942 2630 1009 2690 ἄρ’
1030 2628 1225 2687 ἔπαιζον,
1250 2631 1337 2675 ἀπὸ
1360 2630 1578 2690 κρήδεμνα
1597 2633 1836 2685 βαλοῦσαι·

612 2708 718 2763 τῇσι
741 2706 788 2751 δέ
812 2705 1042 2751 Ναυσικάα
1064 2708 1336 2752 λευκώλενος
1357 2709 1519 2765 ἤρχετο
1540 2708 1730 2764 μολπῆς.

458 2809 737 2869 Fortasse
783 2818 846 2868 et
891 2809 1043 2867 illud
1089 2829 1208 2867 non
1255 2810 1481 2886 absque
1524 2810 1774 2871 consilio
1822 2818 1971 2880 erat,
2010 2809 2171 2887 quod
2242 2813 2244 2818 ’

374 2908 679 2967 Nausicaa
738 2929 858 2966 non
918 2909 1070 2966 luxu
1130 2908 1334 2986 regali,
1395 2908 1588 2985 qualis
1646 2907 1751 2967 illa
1809 2910 1966 2986 apud
2031 2909 2172 2969 Vir-

369 3005 603 3083 gilium.

615 3115 854 3160 Sidoniam
875 3115 997 3174 picto
1019 3116 1303 3175 chlamydem
1327 3116 1606 3161 circumdata
1625 3116 1782 3170 limbo,

369 3216 473 3272 sed
495 3215 840 3273 domesticis
863 3216 1100 3272 intenta
1122 3216 1382 3292 negotiis
1406 3215 1690 3291 prodiret.
1731 3214 1897 3273 Nam
1922 3216 2082 3292 quod
2107 3217 2168 3274 in

368 3315 663 3390 ejusmodi
687 3335 751 3372 re
770 3314 1229 3391 plerumque,ut
1254 3315 1459 3381 nostiS,
1487 3313 1642 3371 solet
1662 3315 1798 3382 dici,
1825 3316 2167 3374 habendam

368 3428 498 3467 esse
544 3411 841 3468 rationem
888 3412 1292 3489 simplicit-atis
1338 3412 1620 3489 pristinae,
1659 3413 1962 3489 nudaeque
2008 3412 2168 3471 illius

369 3508 497 3564 sine
529 3509 670 3566 fuco
700 3511 1115 3587 antiquitatis3
1163 3530 1302 3568 vere
1334 3511 1483 3568 illud
1516 3510 1761 3586 quidem
1795 3512 2031 3579 dicitur,
2063 3511 2168 3568 sed

1034 3681 1051 3700 ¹
1084 3676 1174 3721 Od.
1198 3678 1258 3722 vi,
1282 3676 1509 3735 96—101.
