2320 4126
400 225 510 278 108
659 225 924 278 Minimas
948 243 1045 278 esse
1068 225 1127 278 in
1152 225 1195 277 I
1192 225 1335 279 liade
1360 226 1618 279 Fortuna>
1630 232 1830 296 parte&
1908 242 2067 276 PRAEL.
2087 243 2199 276 vm.

397 372 685 430 castrensi
726 372 1000 431 tumultu
1041 393 1106 432 se
1142 373 1300 432 solos
1332 372 1505 431 otiari
1548 373 1951 450 indignantes.
2042 370 2202 428 Prae-

396 469 557 529 clara
604 478 747 528 sunt
795 471 964 530 haec:
1012 471 1163 528 illud
1213 478 1420 529 autem
1460 470 1817 547 praeclarius,
1855 469 2016 547 quod
2057 469 2201 545 ipsis

394 586 751 646 magnarum
824 589 1026 628 rerum
1103 570 1309 637 initiis,
1383 589 1526 626 cum
1609 568 1863 627 obscuro
1938 567 2199 644 quodam

394 667 668 744 augurio,
721 668 795 725 ad
845 665 1155 726 Achillem
1209 667 1526 725 absentem
1583 672 1946 725 revocantur
1995 666 2199 735 animi,

392 766 703 842 majorque
733 765 1079 823 futurorum
1111 765 1488 841 exspectatio
1517 771 1816 823 movetur.

479 862 847 920 Leviuscula
887 869 1047 933 sunt,
1077 882 1277 939 neque
1319 869 1528 921 tamen
1570 882 1679 920 sua
1709 863 1768 920 vi
1809 868 2034 930 carent,
2067 880 2199 937 quae

394 966 683 1036 tanquam
724 960 889 1018 aliud
931 962 1138 1039 agenti
1176 962 1508 1019 excidunt:
1556 961 1894 1038 cujusmodi
1926 967 2019 1019 est
2048 959 2199 1017 illud

393 1059 470 1116 de
501 1059 697 1117 forma
729 1058 942 1118 Nirei:

635 1166 810 1225 Νίρευς,
833 1165 883 1213 ὃς
903 1168 1146 1215 κάλλιστος
1166 1167 1273 1228 ἀνὴρ
1295 1168 1381 1213 ὑπὸ
1393 1166 1539 1214 Ἴλιον
1558 1168 1669 1225 ἦλθε

632 1246 721 1286 τῶν
741 1241 893 1288 ἀλλῶν
915 1247 1109 1296 Δαναῶν,
1131 1242 1224 1302 μετ’
1248 1242 1447 1302 ἀμύμονα
1469 1243 1701 1301 Πηλείωνα
1709 1249 1747 1288 ⁰⁴.

391 1345 515 1406 Vel
547 1365 620 1405 ea
649 1346 872 1423 quibus
899 1344 1063 1424 Ajax
1094 1348 1157 1405 in
1188 1368 1457 1426 pugnam
1487 1347 1813 1425 aliquando
1842 1346 2155 1426 praeludit:

626 1447 807 1507 “Em-op,
831 1452 908 1495 νῦν
927 1450 1008 1508 μὲν
1030 1450 1082 1507 δὴ
1105 1452 1237 1510 σάφα
1258 1451 1397 1497 εἴσεαι
1419 1450 1563 1498 οἵοθεν
1583 1450 1687 1505 οἷος,

634 1519 719 1566 οἷοι
742 1523 813 1566 καὶ
836 1525 1077 1569 Δαναοῖσιν
1097 1524 1306 1583 ἀριστῆες
1325 1526 1550 1583 μετεάσιν,

632 1596 703 1640 καὶ
722 1595 815 1654 μετ’
835 1595 1058 1655 Ἀχιλλῆα
1078 1596 1313 1657 ῥηξήνορα,
1337 1599 1623 1657 θυμολέοντα.

392 1686 716 1745 Mentione
757 1689 926 1764 quasi
972 1689 1130 1746 forte
1172 1690 1335 1748 facta
1365 1691 1730 1769 dignitatem
1760 1691 1890 1767 ejus
1929 1692 2197 1751 maxime

359 1824 366 1829 -
388 1784 861 1842 commendavit.

492 1951 732 2012 Verum
799 1954 1052 2013 fortuita
1111 1961 1176 2013 et
1241 1956 1480 2015 minuta
1538 1956 1921 2034 linquamust
1989 1956 2066 2015 ad
2125 1976 2198 2016 ea

388 2051 718 2119 veniamus,
751 2072 884 2129 quae
916 2060 980 2112 et
1021 2054 1358 2114 certissima
1388 2062 1548 2124 sunt,
1580 2062 1644 2113 et
1674 2056 1762 2114 ita
1799 2056 2006 2134 magni
2047 2075 2197 2133 pon-

387 2150 562 2219 deriS,
594 2158 665 2209 ut
695 2152 916 2210 merito
946 2151 1139 2210 instar
1178 2154 1452 2211 omnium
1492 2154 1851 2213 habeantur.
1943 2153 2193 2212 Etenim

385 2251 915 2326 praestantissimus
955 2251 1061 2309 ille
1106 2252 1347 2323 artifex,
1383 2272 1461 2311 ne
1493 2253 1734 2311 dubites
1766 2253 1842 2311 de
1883 2253 2012 2329 ejus
2053 2273 2196 2313 con-

385 2347 537 2417 silio,
580 2349 849 2408 fabulam
889 2350 1255 2420 universam,
1289 2358 1518 2428 quanta
1547 2357 1775 2428 quanta
1814 2357 1924 2420 est,
1956 2351 2033 2410 ab
2069 2372 2192 2409 uno

385 2444 634 2505 Achille
663 2450 929 2525 pendere
961 2449 1171 2508 voluit.
1261 2449 1478 2518 Imm0,
1510 2450 1672 2527 quod
1712 2451 2023 2508 immensae
2062 2457 2191 2507 erat

384 2545 660 2616 solertiae,
692 2548 780 2606 ita
809 2568 904 2606 res
934 2549 1116 2607 rebus
1145 2547 1499 2626 implicavit,
1530 2556 1602 2607 ut
1632 2549 1835 2607 omnia
1865 2569 1938 2607 eo
1971 2549 2189 2607 deferri

387 2646 703 2704 videantur
753 2647 934 2717 ultro,
980 2649 1041 2706 vi
1085 2647 1317 2707 scilicet
1362 2649 1492 2726 ipsa
1543 2668 1613 2707 ac
1657 2648 1890 2706 ratione
1936 2654 2185 2705 evento-

380 2761 553 2802 rum:
599 2745 754 2803 nihil
790 2746 1130 2816 fortuitum,
1162 2746 1314 2804 nihil
1350 2753 1648 2816 coactum,
1679 2746 1830 2803 nihil
1862 2746 2023 2823 quod
2056 2746 2189 2822 quis

380 2843 732 2903 incredulus
762 2846 977 2904 oderit.
1068 2846 1274 2904 Semel
1306 2853 1567 2916 tantum,
1599 2845 1762 2922 quod
1785 2845 2188 2914 meminerim,
2238 2863 2240 2865 ·

380 2962 522 3000 casu
551 2944 869 3020 suppletur
898 2946 1045 3003 ordo
1077 2965 1147 3003 ac
1178 2947 1362 3004 series
1392 2964 1727 3003 causarum.
1782 2943 2095 3003 Videlicet
2124 2943 2188 3000 in

379 3041 703 3099 undecimo
744 3041 898 3100 libro
929 3041 1206 3101 Achilles
1239 3042 1523 3101 Patroclo
1572 3043 1768 3100 utitur
1812 3041 2052 3110 nuncio,
2084 3041 2187 3117 qui

379 3138 739 3209 sciscitetur,
780 3160 964 3217 quem
1013 3141 1280 3210 tandem,
1325 3161 1446 3217 quo
1492 3140 1740 3198 vulnere
1788 3138 2186 3208 laborantem,

377 3256 584 3296 secum
616 3258 694 3296 ex
724 3238 938 3316 praelio
969 3246 1112 3317 agat
1146 3238 1411 3296 Nestor:

1047 3337 1072 3378 ὁ
1094 3334 1142 3379 δὲ
1163 3334 1408 3391 κλισίηθεν,
1429 3332 1637 3387 ἀκούσας,

618 3407 803 3466 ἔκμολεν
824 3405 923 3454 ἶσος
932 3407 1082 3466 ''Apul'’
1117 3411 1250 3454 κακοῦ
1273 3407 1310 3452 δ’
1333 3407 1419 3467 ἄρα
1439 3409 1481 3451 οἱ
1500 3409 1635 3452 πελεν
1655 3405 1768 3466 ἀρχή
1777 3406 1821 3452 b·

376 3503 559 3571 Nam,
584 3506 925 3583 conspectis
949 3525 1196 3564 suorum
1221 3506 1588 3573 vulneribUS,
1610 3505 1810 3563 facere
1831 3523 1954 3562 non
1977 3503 2182 3580 potuit

373 3602 730 3662 mitissimus
750 3603 1045 3673 Heroum,
1064 3605 1210 3682 quin
1230 3603 1543 3663 Achillem
1562 3604 1624 3661 id
1644 3603 1862 3662 saltem
1882 3608 2179 3670 exoraret,

815 3721 839 3746 ³
872 3713 927 3758 ΙΙ.
949 3714 997 3759 ii.
1021 3713 1127 3773 673.
1493 3714 1519 3746 b
1550 3713 1611 3759 xi.
1636 3713 1740 3758 602.
