2320 4126
364 1330 958 1397 PRAELECTIO
1013 1331 1400 1398 DECIMA
1451 1332 1794 1399 SEXTA.

203 1710 431 1754 Homerum
461 1726 509 1755 eo
541 1717 727 1769 tempore
756 1712 957 1767 viyuisse,
992 1726 1074 1769 quo
1106 1712 1310 1755 credibile
1333 1713 1394 1755 sit
1424 1727 1516 1755 eum
1547 1713 1725 1755 maxime
1746 1712 1958 1755 desiderio

257 1797 398 1826 rerum
429 1785 694 1827 heroicarum
722 1785 837 1840 anyi.
906 1784 1077 1840 Optimo
1103 1785 1353 1827 Graecarum
1379 1785 1602 1827 literarum
1620 1785 1728 1840 fato
1759 1784 1959 1835 evenisse,

257 1861 306 1898 ut
344 1856 386 1899 is
417 1857 690 1912 potissimum
730 1856 899 1899 caeteris
939 1856 1131 1899 omuibus
1170 1857 1381 1913 specimen
1422 1861 1464 1899 et
1505 1856 1719 1912 exemplar
1760 1855 1960 1899 ediderit.

263 1927 482 1975 Quaeritur
521 1942 578 1970 au
619 1928 807 1971 Poeticoe
839 1928 1078 1984 profuerit,
1120 1928 1324 1985 optimum
1358 1943 1560 1984 quemque
1593 1928 1784 1984 primum
1811 1928 1959 1983 ferme

257 2000 455 2055 viquisse.
518 2000 669 2043 Pauca
697 2000 889 2057 quaedam
921 2000 973 2043 de
1004 2000 1265 2051 Minoribus,
1301 2001 1375 2057 qui
1397 2006 1621 2052 vocantur,
1657 2001 1821 2044 Poetis.
1877 2001 1957 2043 Αἰ-

256 2086 399 2123 caeum,
433 2072 624 2128 Sappho,
657 2072 975 2123 Archilochum,
1008 2062 1281 2124 Simonidem,
1307 2087 1384 2116 suo
1417 2087 1619 2130 quemque
1638 2088 1794 2129 yeuere
1808 2073 1959 2128 fuisse

260 2142 515 2186 primarios.

338 2284 506 2342 RAT
550 2287 610 2342 in
646 2287 859 2353 anime,
908 2288 956 2343 si
991 2288 1143 2343 forte
1175 2287 1546 2352 meministiS‚
1592 2285 1960 2354 Academici,

375 2384 678 2459 (quoniam
707 2403 813 2440 nos
843 2383 902 2439 in
941 2382 1208 2440 Homero
1239 2383 1513 2458 primum,
1555 2383 1644 2439 uti
1676 2402 1781 2458 par
1811 2391 1956 2449 erat,

199 2482 451 2556 experiri
475 2481 842 2538 decrevimus
871 2480 1082 2554 ecquid
1108 2479 1300 2535 valeat
1331 2479 1628 2536 sententia
1658 2486 1858 2534 nostra
1881 2479 1955 2534 de

201 2595 432 2633 summa
459 2578 542 2634 rei
572 2576 871 2651 poeticae),
903 2582 1048 2642 erat,
1078 2575 1337 2649 inquam,
1368 2575 1428 2629 in
1459 2575 1673 2640 animO,
1699 2574 1960 2630 excussis

202 2674 360 2747 prius
378 2673 519 2747 ipsis
539 2672 914 2736 carminibus,
936 2671 1148 2726 deinde
1168 2671 1448 2726 accedere
1467 2670 1539 2727 ad
1561 2670 1819 2726 historiae
1837 2689 1963 2725 mo-

201 2775 504 2834 numenta,
526 2767 572 2824 si
605 2786 732 2841 quae
757 2766 910 2823 forte
934 2765 1285 2822 tradiderint
1308 2772 1554 2832 veteres,
1576 2785 1710 2839 quae
1733 2766 1807 2822 ad
1834 2784 1958 2821 rem

205 2870 465 2919 nostram
502 2864 902 2930 convenirent,
943 2864 1017 2920 de
1055 2862 1193 2930 vita,
1226 2862 1493 2929 fortunis,
1526 2863 1741 2930 indole,
1774 2883 1963 2919 sacro-

202 2960 387 3015 sancti
421 2959 588 3015 vatis.
680 2958 768 3015 Ut
804 2966 871 3015 ut
903 2959 1060 3015 enim
1090 2958 1311 3032 jejunae
1341 2958 1518 3016 nimis
1547 2967 1727 3034 atque
1754 2968 1962 3016 tenues

204 3063 456 3120 exstent,
501 3055 713 3129 injuria
758 3056 1060 3130 temporiS,
1107 3054 1222 3111 illae
1273 3054 1556 3130 reliquiae,
1608 3075 1964 3132 magnopere

199 3159 404 3206 tamen
438 3151 511 3207 ad
553 3151 979 3226 confirmandas
1015 3150 1350 3225 hujusmodi
1383 3153 1752 3226 conjecturas
1785 3152 1960 3226 perti-

206 3246 387 3312 nebit,
433 3248 480 3304 si
526 3246 702 3302 modo
751 3246 839 3302 bis
887 3255 1052 3303 terve
1098 3263 1223 3302 rem
1267 3263 1378 3301 acu
1425 3246 1692 3321 tetigisse
1742 3246 1965 3302 videbi-

204 3359 366 3398 mur:
414 3343 501 3398 sin
542 3343 753 3406 minuS‚
785 3361 992 3417 parum
1028 3350 1231 3398 tamen
1270 3341 1666 3398 infirmabitur
1706 3343 1855 3399 bene
1892 3361 1958 3398 ac

207 3436 526 3508 prudenter
553 3456 587 3493 a
618 3437 784 3493 nobis
815 3438 962 3493 init-a
990 3437 1159 3493 ratio,

287 3530 562 3606 Exempli
619 3533 844 3607 gratia:
912 3532 1090 3607 signis
1149 3530 1307 3588 haud
1368 3530 1595 3589 levibus
1650 3533 1802 3598 freti,
1859 3533 1959 3587 do-
