2320 4126
265 250 422 283 PRAEL.
447 249 564 283 X1x.
822 229 1112 298 AEsohyms,
1138 230 1524 302 Pythayoricus.
1906 239 2014 291 345

264 370 457 447 Atqui
507 371 781 429 saevitum
832 378 975 438 erat,
1026 389 1144 428 non
1187 378 1257 428 ut
1302 378 1460 439 ante,
1510 373 1572 428 in
1619 371 1880 447 leporem
1926 375 2016 433 in-

265 467 528 533 noxium,
577 467 679 523 sed
728 466 791 522 in
834 467 1132 541 rapacium
1178 467 1379 524 avium
1429 467 1624 533 foetus,
1675 467 2012 543 Laresque:

265 561 479 618 videtis
530 567 733 617 tamen
781 561 1100 618 infaustam
1158 581 1284 618 rem
1332 562 1556 629 haberi,
1600 563 1784 621 immo
1832 564 2014 621 etiam

266 656 550 714 delictum
597 657 791 731 capite
842 655 1146 725 luendum,
1188 675 1326 714 cum
1369 657 1575 714 avibus
1626 658 1822 737 adsint
1888 676 2014 716 suae

264 751 439 819 Dirae,
480 771 673 827 neque
707 753 951 828 impune
994 752 1221 811 laturus
1251 754 1327 811 sit
1356 753 1567 828 aliquis
1597 755 1910 812 commissa
1951 755 2014 811 in

262 866 361 905 eas
389 847 698 905 maleficia.

345 942 560 1017 Itaque
615 941 707 998 his
764 940 930 999 velut
979 940 1282 1017 praeludiis
1331 941 1503 1018 fingit
1556 943 1782 1000 animos
1831 945 2014 1003 tacite

262 1036 467 1103 Poeta,
518 1043 804 1112 tenetque
859 1043 1117 1094 arrectos
1166 1037 1228 1093 in
1285 1037 1518 1095 tristem
1562 1057 1867 1113 poenarum
1924 1059 2016 1097 or-

260 1134 476 1200 dinem,
524 1133 774 1207 jamjam
826 1132 1266 1196 imminentium
1311 1132 1450 1190 hinc
1507 1133 1786 1209 Trojanis,
1850 1135 2013 1201 illinc

259 1225 435 1285 Atrei
493 1234 555 1284 et
606 1226 1026 1302 Pelopidarum
1072 1228 1267 1284 dom0.
1354 1227 1588 1286 Verum
1644 1235 1785 1286 ante
1834 1249 2014 1304 quam

258 1323 332 1379 ad
391 1341 462 1379 ea
514 1322 974 1398 progrediamur,
1046 1322 1398 1397 paucissima
1456 1329 1595 1379 sunt
1655 1342 1784 1397 quae
1855 1325 2015 1381 dicta

258 1416 456 1485 velim,
513 1418 586 1474 ad
647 1436 779 1474 eam
835 1424 1064 1492 partem
1115 1417 1364 1492 poeticae
1420 1416 1580 1475 silvae
1637 1419 2012 1492 pertinentia,

258 1530 436 1587 quam
491 1529 599 1568 nos
642 1512 821 1568 modo
869 1512 1212 1588 tetigimus:
1276 1512 1566 1569 rationem
1613 1531 1829 1588 nempe
1880 1532 2013 1571 eam

258 1625 437 1682 quam
481 1613 810 1682 sequuntur
865 1607 1066 1683 magni
1118 1606 1343 1674 Poetae,
1396 1612 1537 1663 curti
1585 1607 1660 1663 de
1705 1608 2013 1665 brutorum

257 1702 602 1759 animalium
637 1702 852 1768 indole,
890 1702 1124 1769 affectU,
1161 1702 1422 1759 moribus
1458 1702 1669 1778 agitur.
1748 1702 2011 1779 AEschyli

256 1798 495 1872 quidem
546 1799 726 1855 nostri
789 1799 864 1855 de
920 1817 990 1855 ea
1045 1816 1109 1854 re
1161 1798 1518 1854 sententiam
1570 1804 1774 1854 notam
1832 1805 2013 1873 atque

254 1899 624 1967 perspectam
685 1893 987 1960 habemus,
1048 1893 1339 1967 siquidem
1411 1900 1573 1950 recte
1630 1912 1666 1950 a
1723 1893 2012 1949 Cicerone

254 1987 605 2062 accepimuS,
630 1987 798 2044 illum
829 2007 947 2043 non
977 1988 1154 2044 modo
1186 1987 1452 2055 Poetam,
1485 1988 1589 2044 sed
1620 1995 1682 2044 et
1713 1987 2012 2064 Pythago-

254 2090 459 2138 reum¹s¹
488 2082 773 2138 extitisse.
862 2080 1261 2157 Pythagoram
1300 2088 1503 2138 autem
1543 2089 1763 2138 norunt
1806 2100 2011 2139 omnes

253 2175 339 2234 ita
380 2176 625 2232 sensisse
661 2176 735 2233 de
770 2176 1096 2251 pecudibus
1131 2183 1193 2233 et
1228 2176 1383 2244 feriS,
1422 2183 1492 2233 ut
1535 2176 1847 2233 intervallo
1890 2195 2010 2233 non

253 2271 401 2327 adeo
458 2271 687 2347 ingenti
759 2278 1092 2328 secerneret
1150 2290 1248 2328 eas
1306 2273 1381 2329 ab
1446 2272 1709 2329 humano
1772 2291 2007 2348 genere.

255 2365 490 2441 Quippe
529 2385 666 2424 cum
699 2367 750 2423 is
789 2368 891 2424 diu
925 2366 1320 2441 multumque,
1348 2374 1418 2424 ut
1457 2368 1787 2442 perhibent,
1828 2367 2009 2429 fuerit

252 2469 518 2517 versatus
551 2461 613 2517 in
651 2459 915 2527 Oriente,
947 2460 1163 2517 mirum
1200 2461 1261 2516 ni
1298 2479 1430 2516 eam
1459 2461 1722 2519 hauserit
1751 2460 2008 2535 philoso-

251 2554 471 2629 phiam,
502 2574 635 2629 quae
664 2562 844 2630 negat
883 2555 1107 2612 animas
1137 2554 1232 2611 vel
1266 2555 1459 2611 morte
1494 2554 1783 2629 extingui,
1814 2554 1909 2611 vel
1944 2555 2006 2611 in

253 2650 639 2724 sempiternas
674 2650 874 2707 statim
911 2650 1163 2726 migrare
1203 2652 1402 2707 sedes:
1468 2650 1610 2725 quin
1654 2649 1852 2726 potius
1891 2649 2007 2708 alia

253 2763 427 2820 super
482 2744 610 2802 aliis
659 2745 963 2802 moriendo
1014 2746 1177 2821 quasi
1227 2746 1473 2803 induere
1523 2764 1782 2821 corpora,
1834 2751 1897 2802 et
1941 2746 2004 2801 in

253 2860 433 2899 novas
460 2847 748 2917 perpetuo
778 2842 1026 2898 transire
1054 2842 1298 2917 specieS,

545 2962 702 3006 Donec
722 2963 859 3019 longa
879 2961 973 3006 dies
994 2963 1188 3019 perfecto
1208 2962 1421 3019 temporis
1443 2962 1552 3006 orbe

545 3034 811 3078 Concretam
831 3034 992 3079 exemit
1011 3034 1171 3086 labem,
1194 3048 1446 3092 purumque
1466 3034 1644 3091 reliquit

543 3105 807 3150 AEthereum
829 3120 1026 3158 sensum,
1047 3112 1178 3164 atque
1199 3105 1321 3150 aurai
1340 3105 1551 3162 simplicis
1572 3105 1743 3162 ignem:

251 3212 381 3262 tum
425 3205 682 3272 demum,
713 3211 924 3283 exacta
964 3224 1155 3280 poena,
1200 3205 1261 3262 in
1306 3222 1581 3280 magnam
1624 3205 1831 3262 mundi
1877 3207 1994 3263 ani-

251 3318 409 3356 mam
455 3301 889 3375 quodammodo
938 3299 1251 3356 absorberi.
1368 3298 1575 3374 Atque
1624 3318 1695 3356 ea
1744 3299 1999 3374 philoso-

252 3396 389 3470 phia
421 3397 561 3453 satis
594 3403 768 3453 acute
798 3397 988 3473 tangit
1020 3397 1163 3452 duas
1199 3401 1359 3452 certe
1389 3396 1754 3470 quaestioneS,
1787 3397 1998 3472 quibus

838 3543 858 3561 ¹¹
894 3538 1016 3580 Ταεο.
1045 3537 1204 3584 Quoest.
1230 3537 1256 3578 i.
1285 3550 1351 3578 10.
