2320 4126
136 313 292 345 PRAEL.
314 310 426 344 xm.
456 294 635 342 Procos
652 290 708 340 in
727 289 968 358 specimen
983 285 1318 356 popularium
1343 285 1467 336 dari
1485 284 1754 335 homimem.
1782 283 1889 337 209

136 437 217 502 fit,
250 432 413 490 nulla
445 432 572 506 jam
612 429 926 506 republica,
966 427 1284 502 arrepturis
1321 426 1460 500 quid
1501 426 1610 482 sibi
1642 426 1887 499 quisque

135 531 410 607 potuerit.
485 527 817 584 Audiamus
848 524 1184 581 Antinoum
1212 523 1472 600 graviter
1500 528 1888 586 commotum,

135 627 343 683 fortius
363 625 490 699 jam
520 624 863 697 increpante
892 618 1246 677 Telemacho
1258 616 1300 674 b.
1538 626 1540 628 ’

369 755 600 815 Τηλέμαχ’,
623 756 647 812 ἢ
668 757 787 813 μάλα
807 754 858 811 δὴ
881 774 935 799 σε
957 756 1239 799 διδάσκουσιν
1260 754 1350 798 θεοὶ
1371 755 1492 798 αὐτοὶ

372 831 605 888 ὑψαγόρην
624 826 660 871 τ’
683 828 840 884 ἔμεναι,
863 828 932 871 καὶ
954 826 1208 883 θαρσαλέως
1227 823 1460 884 ἀγορεύειν·

370 903 426 960 μὴ
449 901 544 960 σέγ’
568 902 613 945 ἐν
632 901 840 960 ἀμφιάλῳ
859 898 1000 955 Ἰθάκῃ
1020 900 1216 955 βασιλῆα
1237 899 1430 958 Κρονίων

371 973 605 1031 ποιήσειεν·
639 972 664 1016 ὅ
684 991 751 1016 τοι
770 975 894 1030 γενεῇ
916 973 1131 1029 πατρώϊόν
1152 971 1285 1015 ἐστιν.

139 1096 480 1171 Suspicatus
530 1101 636 1162 est,
691 1094 784 1167 (ut
838 1096 899 1150 in
957 1093 1132 1151 rebus
1183 1092 1390 1151 alienis
1446 1090 1639 1150 solent
1688 1091 1892 1168 injusti

138 1194 379 1249 timores
409 1192 518 1250 sibi
549 1192 810 1267 fingere,)
849 1192 970 1266 peti
1001 1211 1036 1247 a
1065 1189 1425 1247 Telemacho
1460 1191 1690 1265 paterni
1726 1190 1891 1265 regni

139 1288 570 1347 haereditatem.
632 1286 808 1344 Illam
840 1307 958 1343 non
987 1288 1165 1344 modo
1195 1288 1431 1362 praecise
1461 1294 1656 1363 negat,
1688 1306 1892 1344 verum

141 1385 339 1451 etiam,
379 1391 663 1458 tanquam
708 1383 986 1440 acerbum
1031 1390 1092 1439 et
1136 1383 1457 1440 infaustum
1487 1383 1727 1458 aliquid,
1764 1402 1798 1439 a
1833 1402 1896 1440 se

141 1481 410 1557 religiose
453 1487 719 1538 removet
750 1499 818 1536 ac
849 1479 1216 1555 deprecatur.
1306 1479 1463 1548 Quid
1495 1488 1697 1537 autem
1725 1479 1897 1536 Tele-

144 1574 423 1633 machus?
525 1575 680 1632 Rem
751 1575 939 1650 ipsam
1011 1576 1121 1632 sibi
1191 1594 1317 1632 esse
1374 1575 1435 1630 in
1495 1575 1645 1631 votis
1703 1593 1897 1649 neque

143 1671 395 1728 affirmat
437 1690 629 1745 neque
671 1677 887 1747 negat:
933 1691 1049 1746 quo
1080 1671 1170 1728 vel
1212 1672 1658 1746 ipsomonstrat
1695 1679 1898 1746 aperte

145 1767 300 1833 satia
350 1766 671 1823 concidisse
720 1766 1077 1841 jampridem
1137 1766 1291 1842 apud
1355 1766 1696 1823 Ithacenses
1754 1766 1899 1842 regii

146 1863 398 1920 nominis
417 1864 804 1919 reverentiam
820 1872 858 1920 0.

384 1994 579 2049 Ἀντίνο’,
600 1995 624 2052 ἦ
647 1997 717 2040 καί
735 2015 808 2053 μοι
831 1995 1107 2053 νεμεσήσεαι,
1131 1997 1169 2049 ὅ,
1193 2017 1259 2042 ττι
1281 2017 1351 2042 κεν
1372 1995 1503 2050 εἵπω;

385 2069 456 2112 καί
476 2086 546 2113 κεν
566 2067 679 2112 τοῦτ’
707 2069 918 2125 ἐθέλοιμι,
941 2071 1043 2115 Διός
1061 2088 1112 2128 γε
1134 2070 1341 2123 δίδοντος,
1362 2071 1560 2128 ἀρέσθαι.

386 2139 411 2195 ἦ
434 2140 524 2199 φῂς
545 2144 673 2184 τοῦτο
695 2142 899 2186 κάκιστον
921 2142 965 2186 ἐν
984 2141 1251 2200 ἀνθρώποισι
1272 2143 1475 2201 τέτυχθαι
1491 2161 1505 2195 ;

385 2212 435 2254 οὗ
456 2212 533 2268 μὲν
552 2213 635 2269 γάρ
657 2231 697 2256 τι
718 2214 846 2257 κακὸν
865 2213 1166 2270 βασιλευέμεν·
1202 2211 1316 2272 αἶψά
1334 2215 1384 2259 τέ
1402 2217 1442 2258 οἱ
1464 2217 1523 2259 δῶ

384 2283 562 2340 ἀφνειὸν
581 2284 775 2336 πέλεται,
798 2286 865 2328 καὶ
886 2304 926 2329 τι
933 2286 1169 2344 μηέστερος
1189 2287 1329 2333 αὐτός.

156 2405 389 2463 Deinde
432 2425 550 2463 non
593 2407 718 2464 sine
755 2409 1007 2465 oratoria
1038 2410 1293 2484 quadam
1323 2408 1680 2479 urbanitate,
1712 2413 1906 2487 cujus-

155 2501 313 2557 modi
346 2502 407 2557 in
439 2501 725 2578 Odysseia
765 2515 902 2560 sunt
947 2504 1216 2579 plurima,
1247 2507 1590 2582 perstringit
1618 2505 1904 2574 homineS,

157 2597 467 2671 populares
497 2598 758 2656 scilicet!

391 2731 491 2775 ἀλλ’
514 2734 608 2788 ἤτοι
628 2735 839 2790 βασιλῆες
857 2733 1046 2791 Ἀχαιῶν
1066 2735 1154 2780 εἶσὶ
1176 2736 1244 2779 καὶ
1264 2736 1395 2780 ἄλλοι

397 2806 556 2848 πολλοὶ
577 2805 621 2849 ἐν
641 2806 849 2867 ἀμφιάλῳ
870 2806 1029 2863 Ἰθάκῃ,
1052 2809 1139 2852 νεοὶ
1160 2805 1233 2864 ἦδὲ
1254 2810 1447 2853 παλαιοί.

392 2881 477 2919 τῶν
497 2876 568 2920 κέν
587 2896 651 2922 τις
671 2877 759 2921 τόδ’
781 2879 948 2936 ἕχησιν,
972 2880 1066 2923 ἐπεὶ
1086 2879 1185 2924 θάνε
1206 2881 1296 2926 δῖος
1314 2878 1571 2929 Ὀδυσσεύς.

394 2947 527 3005 αὖταρ
549 2949 658 3007 ἐγὼν
678 2948 810 2993 οἴκοιο
830 2951 937 3008 ἅναξ
957 2951 1078 3008 ἔσομ’
1101 2951 1323 3011 ἡμετέροιο

394 3020 463 3062 καὶ
484 3021 648 3077 δμώων,
670 3021 743 3068 οὕς
762 3041 834 3080 μοι
854 3023 1075 3080 ληίσσατο
1095 3025 1187 3071 δῖος
1205 3023 1462 3072 Ὀδυσσεύς.

164 3135 448 3216 Exsurgit
489 3143 758 3217 protinus
802 3163 879 3200 ex
923 3143 1110 3201 altera
1153 3154 1337 3220 parte,
1368 3165 1506 3204 cum
1544 3165 1766 3224 magna
1795 3148 1918 3204 veri

163 3236 426 3309 rectique
456 3239 666 3312 specie,
698 3238 1157 3315 Eurymachusd.

399 3369 629 3427 Τηλέμαχ’,
650 3374 743 3426 ἤτοι
762 3375 898 3416 ταῦτα
919 3372 1028 3417 θεῶν
1050 3374 1096 3418 ἐν
1115 3370 1298 3431 γούνασι
1320 3377 1467 3427 κεῖται,

399 3438 522 3485 ὅστις
543 3441 588 3485 ἐν
605 3442 813 3502 ἀμφιάλῳ
833 3442 976 3500 Ἰθάκῃ
994 3444 1257 3498 βασιλεύσει
1275 3446 1475 3505 Ἀχαιῶν·

461 3640 483 3662 c
517 3633 605 3677 od.
628 3635 657 3677 i.
680 3635 782 3691 389.
1414 3639 1438 3669 d
1469 3640 1498 3684 i.
1521 3653 1622 3694 400.
