2320 4126
392 227 500 279 110
871 228 1120 293 Achilles,
1147 230 1331 283 caelesti
1357 230 1466 283 luce
1477 230 1704 302 fulyena
1894 249 2055 283 PRAEL.
2080 250 2192 283 vm.

631 372 782 432 ἀστέρ’
807 373 1008 435 ὀπωρινῷ
1034 375 1298 435 ἐναλίγκιον,
1320 374 1429 421 ὅστε
1450 376 1647 433 μάλιστα

632 449 839 507 λαμπρὸν
858 450 1159 508 παμφαίνῃσι,
1181 449 1451 507 λελουμένος
1470 448 1711 495 Ὠκεανοῖο·

632 525 755 568 τοῖόν
776 525 816 567 οἱ
837 527 925 583 πῦρ
949 524 1068 569 δαῖεν
1088 524 1175 568 ἀπὸ
1199 526 1358 583 κρατός
1378 543 1427 568 τε
1448 525 1518 568 καὶ
1540 523 1681 582 ὤμων·

635 596 756 656 ὦρσε
778 596 828 641 δέ
846 616 921 655 μιν
942 598 1051 642 κατὰ
1071 597 1262 655 μέσσον,
1285 596 1356 642 ὅθι
1379 599 1587 643 πλεῖστοι
1610 597 1842 643 κλονέοντο
1855 604 1892 642 ²².

392 700 637 759 Dixeris
695 700 891 778 plane,
952 702 1036 759 nil
1099 701 1446 779 praeclarius
1506 722 1584 760 ne
1644 703 1895 781 cogitari
1949 703 2194 779 quidem

388 818 581 877 posse.
672 798 796 859 Sed
848 801 1144 860 mutanda
1196 802 1327 870 erit,
1384 802 1611 879 opinor,
1667 803 1985 871 sententia,
2032 810 2195 879 post-

391 915 574 972 quam
606 898 683 955 ad
713 897 819 958 illa
841 898 1150 959 Achilleia
1179 900 1433 959 veneris.

648 994 785 1055 αὐτὰρ
805 994 1044 1055 Ἀχιλλεὺς
1065 996 1181 1057 ὦρτο
1203 995 1278 1042 Διῒ
1295 997 1446 1056 φίλος·
1485 996 1604 1057 ἀμφὶ
1624 996 1660 1042 δ’
1682 996 1844 1056 Ἀθήνη

649 1070 783 1130 ὤμοις
803 1071 1031 1131 ἰφθίμοισι
1051 1071 1155 1126 βάλ’
1178 1071 1325 1132 αἰγίδα
1347 1071 1711 1118 θυσσανόεσσαν·

649 1145 768 1206 ἀμφὶ
790 1145 841 1190 δέ
860 1147 903 1191 οἱ
925 1147 1098 1205 κεφαλῇ
1123 1145 1259 1206 νέφος
1280 1147 1449 1206 ἔστεφε
1471 1146 1542 1190 διὰ
1564 1146 1704 1192 θεάων

649 1219 862 1280 χρύσεον,
888 1220 935 1265 ἐκ
957 1220 994 1265 δ’
1017 1221 1152 1266 αὐτοῦ
1174 1221 1269 1265 δαῖε
1289 1222 1446 1280 φλόγα
1466 1221 1821 1280 παμφανόωσαν.

650 1297 709 1342 ὡς
729 1294 767 1340 δ’
791 1295 865 1341 ὅτε
887 1297 1048 1343 κάπνος
1067 1294 1145 1340 ἰ’ων
1168 1295 1218 1353 ἐξ
1239 1294 1400 1341 ἄστεος
1420 1293 1558 1353 αἰθέρ’
1585 1292 1726 1352 ἵκηται

650 1369 839 1427 τηλόθεν
859 1369 906 1413 ἐκ
928 1367 1081 1426 νήσου,
1103 1368 1181 1426 τὴν
1202 1367 1316 1424 δήϊοι
1337 1367 1687 1427 ἀμφιμάχονται,

652 1440 762 1488 οἵτε
782 1441 1040 1501 πανημέριοι
1063 1443 1266 1501 στυγερῷ
1289 1441 1507 1500 κρίνονται
1518 1437 1657 1498 ’Άρηῖ

651 1515 813 1562 ἅστεος
834 1515 881 1559 ἐκ
903 1514 1144 1574 σφετέρου.
1176 1515 1266 1572 ἅμα
1288 1512 1324 1558 δ’
1347 1511 1481 1575 ἠελίῳ
1504 1511 1734 1558 καταδύντι

650 1587 818 1646 πυρσοί
837 1606 886 1632 τε
907 1587 1212 1647 φλεγέθουσιν
1233 1585 1477 1646 ἐπήτριμοι,
1499 1584 1652 1645 ὕψοσε
1675 1585 1712 1630 δ’
1735 1587 1846 1646 αὐγὴ

651 1663 848 1722 γίγνεται
869 1661 1114 1715 ἀΐσσουσα,
1135 1664 1492 1720 περικτιόνεσσιν
1513 1661 1704 1715 ἰδέσθαι,

651 1735 700 1781 αἵ
718 1735 791 1782 κέν
810 1755 904 1783 πως
926 1736 1010 1781 σὺν
1029 1736 1185 1793 νηυσὶν
1204 1736 1311 1795 ἀρῆς
1333 1735 1546 1795 ἀλκτῆρες
1566 1733 1752 1782 ἵκωνται·

654 1811 713 1856 ὣς
733 1808 805 1855 ἀπ’
821 1807 1064 1868 Ἀχιλλῆος
1085 1810 1282 1867 κεφαλῆς
1303 1807 1444 1854 σέλας
1464 1807 1599 1867 αἰθέρ’
1622 1806 1780 1853 ἵκανεν.

652 1959 856 2019 μίσγετο·
890 1960 1056 2017 μητρὸς
1075 1958 1162 2018 γὰρ
1179 1957 1360 2015 πυκινὴν
1381 1956 1550 2013 ὠπίζετ’
1575 1956 1788 2017 ἐφετμήν.

653 2032 758 2077 ἔνθα
780 2032 891 2079 στὰς
911 2031 1029 2090 ἤῦσ’·
1063 2031 1282 2092 ἀπάτερθε
1304 2031 1352 2076 δὲ
1374 2032 1563 2078 Παλλὰς
1580 2029 1741 2088 Ἀθήνη

653 2105 857 2166 φθέξατ’·
891 2106 1001 2164 ἀτὰρ
1023 2108 1255 2166 Τρώεσσιν
1277 2106 1323 2151 ἐν
1343 2105 1541 2152 ἄσπετον
1562 2105 1682 2164 ὦρσε
1704 2106 1925 2164 κυδοιμόν.

655 2181 714 2227 ὦς
736 2179 773 2224 δ’
797 2179 859 2224 ὅτ’
883 2179 1067 2239 ἀριζήλη
1089 2180 1232 2240 φωνὴ,
1257 2179 1331 2225 ὅτε
1354 2179 1388 2225 τ’
1410 2179 1511 2239 ἴαχε
1533 2180 1737 2239 σάλπιγξ

655 2254 771 2300 ἅστυ
790 2254 1125 2314 περιπλομένων
1146 2253 1277 2312 δηΐων
1296 2253 1382 2300 ὕπο
1404 2254 1748 2314 θυμοραῖστέων·

658 2327 717 2374 ὣς
736 2325 826 2371 τότ’
849 2325 1033 2386 ἀριζήλη
1055 2326 1181 2386 φωνὴ
1202 2325 1340 2387 γένετ’
1363 2326 1589 2372 Αἰακίδαο.

656 2402 698 2445 οἱ
720 2400 758 2445 δ’
781 2401 839 2448 ὣς
860 2399 937 2446 οὗν
957 2400 1053 2446 {stov
1073 2399 1162 2446 ὅπα
1182 2401 1374 2460 χάλκεον
1395 2401 1618 2454 Αἰακίδαο,

654 2478 794 2522 πᾶσιν
814 2476 965 2536 ὀρίνθη
989 2476 1139 2535 θυμός·
1172 2476 1283 2534 ἀτὰρ
1305 2476 1590 2536 καλλίτριχες
1609 2475 1735 2521 ἵπποι

655 2551 729 2612 ἂψ
749 2551 859 2612 ὄχεα
879 2554 1084 2612 τρόπεον·
1118 2550 1316 2598 ὄσσοντο
1336 2552 1423 2611 γὰρ
1445 2551 1584 2611 ἄλγεα
1606 2550 1745 2612 θυμῷ.

654 2626 825 2686 ἡνίοχοι
847 2627 884 2672 δ’
908 2628 1139 2686 ἔκπληγεν,
1163 2626 1258 2672 ἐπεὶ
1277 2624 1374 2672 ἴδον
1393 2625 1614 2684 ἀκάματον
1633 2627 1723 2683 πῦρ

656 2701 798 2746 δεινὸν
818 2701 928 2762 ὑπὲρ
950 2703 1148 2761 κεφαλῆς
1167 2699 1423 2761 μεγαθύμου
1446 2700 1699 2758 Πηλείωνος

656 2775 898 2834 δαιόμενον·
932 2776 983 2820 τὸ
1007 2775 1055 2820 δὲ
1077 2775 1173 2820 δαῖε
1194 2774 1275 2820 θεὰ
1295 2777 1550 2836 γλαυκῶπις
1569 2773 1777 2832 Ἀθήνηῖ).

484 2888 805 2965 Equidem,
852 2907 993 2946 cum
1037 2887 1156 2947 ista
1201 2906 1445 2946 mecum
1494 2886 1756 2957 reVOIVO,
1798 2905 2036 2964 nequeo
2081 2904 2207 2954 non

396 2988 607 3056 vereri,
639 2985 1018 3055 Academici,
1050 3006 1129 3045 ne
1163 2987 1472 3064 profanius
1511 2986 1716 3064 paullo
1757 2992 1942 3063 agant
1973 2984 2204 3053 Critici,

396 3085 500 3162 qui
554 3091 864 3152 vocantur,
914 3085 1208 3155 homines,
1263 3085 1426 3162 quod
1485 3085 1670 3143 moris
1727 3083 1993 3142 habeant
2051 3080 2204 3140 tales

394 3191 715 3261 poetarum
739 3183 985 3242 delicias
1015 3184 1243 3260 absque
1273 3183 1399 3242 ulla
1427 3183 1718 3262 religione
1749 3182 1970 3252 rimari,
2001 3188 2202 3258 atque,

394 3289 467 3340 ut
505 3283 593 3342 ita
633 3284 850 3352 dicam,
891 3282 1171 3342 manibus
1210 3289 1559 3342 attrectare.
1653 3281 1791 3352 Quo
1832 3281 1904 3339 fit
1945 3287 2016 3339 ut
2058 3300 2205 3356 quo-

393 3382 651 3440 rundam
682 3383 851 3459 quasi
894 3382 1298 3441 obdurescant
1339 3381 1543 3449 animi,
1576 3387 1640 3439 et
1681 3381 1745 3438 in
1784 3379 2205 3457 pulcherrimis

393 3480 574 3539 rebus
605 3500 726 3557 quo
756 3481 893 3559 plus
933 3481 1297 3560 intelligant,
1331 3500 1403 3539 eo
1446 3486 1947 3539 commoveantur
1985 3479 2202 3536 minus.

395 3579 840 3650 Veruntamen,
865 3587 935 3650 ut
965 3581 1036 3640 iis
1067 3582 1171 3658 qui
1204 3580 1455 3640 vulnera
1485 3587 1699 3639 curant
1730 3599 1838 3638 sua
1868 3597 1990 3636 non
2019 3579 2204 3636 inter-

821 3682 845 3707 a
878 3675 932 3720 11.
959 3692 1003 3721 v.
1032 3691 1071 3721 1.
1466 3677 1491 3708 b
1521 3676 1644 3721 xviii.
1671 3689 1774 3734 203.
