2320 4126
350 203 459 255 184·
783 204 863 255 De
888 204 1055 266 AEoli,
1084 204 1242 275 deque
1271 206 1443 259 Circes
1468 207 1700 278 hospitio.
1889 226 2049 262 PRAEL.
2072 229 2146 261 x1.

438 340 769 420 Pergamus
801 362 941 400 cum
975 343 1195 422 Ulysse
1227 345 1302 402 ad
1333 345 1594 403 insulam
1626 337 1905 404 AEoliam.
1983 347 2148 405 Nam

350 441 434 498 ibi
487 461 726 518 quoque
779 442 1029 501 inventa
1094 451 1434 515 narrantur,
1484 464 1614 522 quae
1667 436 1885 504 feriant
1945 447 2151 505 oculos

351 541 774 618 navigantium
837 542 946 599 otii
1005 562 1227 611 amore,
1287 535 1552 601 multum
1615 545 1859 622 quidem
1932 547 2009 604 ab
2077 567 2150 604 eo

350 641 586 709 diversi,
620 641 779 717 quod
826 641 1044 718 agebat
1076 641 1335 718 Cyclops
1365 642 1667 701 solitarius
1697 645 1758 701 in
1791 653 1966 703 antro
2008 666 2148 704 cum

351 740 563 798 ovibus
615 747 678 798 et
737 739 999 817 capellis.
1094 740 1218 798 Sed
1264 739 1572 800 AEolicum
1619 742 1770 801 illud
1823 744 2150 822 hospitium

350 839 683 897 tutissimos
757 839 916 896 intra
990 840 1249 915 parietes
1323 841 1687 910 continetur,
1758 844 2152 921 proximeque

350 938 585 996 accedit
615 939 688 995 ad
722 937 960 996 civilem
996 938 1237 996 vivendi
1269 949 1596 998 normamy.

597 1109 878 1120 ..........
894 1077 1045 1120 πᾶσαν
1067 1075 1116 1120 δέ
1137 1076 1187 1121 τέ
1205 1096 1279 1133 μιν
1300 1077 1401 1136 πέρι
1424 1081 1571 1136 τεῖχος

590 1150 795 1207 χάλκεον,
819 1147 1050 1208 ὅῤῥηκτον,
1070 1151 1213 1208 λισσὴ
1237 1150 1273 1196 δ’
1297 1151 1567 1211 ἀναδέδρομε
1590 1153 1743 1212 πέτρη.

593 1225 671 1267 τοῦ
693 1224 763 1267 καὶ
786 1223 954 1269 δώδεκα
973 1224 1126 1272 παῖδες
1148 1225 1210 1270 ε’νὶ
1231 1226 1441 1285 μεγάροις
1460 1228 1693 1287 γεγάασιν,

595 1294 644 1351 ἓξ
665 1295 745 1353 μὲν
767 1295 1018 1356 θυγάτερες,
1043 1296 1092 1356 ἒξ
1114 1296 1151 1342 δ’
1176 1296 1288 1345 υἵεες
1309 1298 1542 1356 ἡβώοντες.

596 1371 637 1413 οἱ
659 1369 697 1414 δ’
721 1370 804 1414 αἰεὶ
825 1372 946 1430 παρὰ
966 1373 1101 1431 πατρὶ
1123 1373 1247 1435 φίλῳ
1270 1374 1339 1417 καὶ
1358 1374 1513 1433 μητέρι
1536 1375 1662 1432 κεδνῇ

593 1445 827 1490 δαίνυνται·
859 1449 979 1505 παρὰ
1001 1447 1052 1491 δέ
1071 1449 1187 1506 σφιν
1207 1448 1381 1493 ὀνείατα
1400 1449 1535 1508 μυρία
1557 1452 1709 1494 κεῖται·

594 1522 804 1578 κνισσῆεν
825 1520 875 1565 δέ
895 1541 943 1566 τε
966 1522 1088 1579 δῶμα
1108 1523 1514 1582 περιστεναχίζεται
1535 1524 1648 1580 αὐλῇ

592 1599 747 1655 ἤματα·
782 1596 936 1644 νύκτας
958 1597 995 1642 δ’
1019 1597 1122 1643 αὖτε
1141 1597 1243 1658 παρ’
1270 1599 1439 1656 αἷδοιῇς
1459 1599 1698 1657 ἀλόχοισιν

595 1670 787 1726 εὗδουσ’,
809 1673 855 1718 ἕν
878 1692 925 1718 τε
946 1673 1112 1730 τάπησι
1135 1674 1204 1718 καὶ
1227 1673 1273 1718 ἐν
1293 1676 1469 1733 τρητοῖς
1489 1673 1743 1733 λεχέεσσιν·

594 1748 664 1791 καὶ
684 1747 765 1805 μὲν
785 1752 871 1792 τῶν
894 1747 1107 1806 ἱκόμεσθα
1126 1749 1261 1793 πόλιν
1282 1748 1354 1792 καὶ
1373 1748 1555 1806 δώματα
1577 1749 1703 1792 καλά.

592 1822 705 1879 μῆνά
726 1840 774 1866 τε
794 1822 936 1867 πάντα
957 1822 1087 1881 φίλει
1107 1841 1177 1880 με,
1200 1820 1270 1867 καὶ
1292 1822 1530 1881 ἐξερέεινεν
1551 1822 1731 1867 ἕκαστα.

439 1933 726 1993 Proxime
762 1935 839 1993 ab
867 1932 1058 1993 AEolo
1091 1935 1257 1993 venit
1289 1935 1501 2002 Circe3
1536 1940 1701 2009 (113111
1736 1933 2165 2011 Laestrygonas

351 2033 501 2091 nihil
534 2053 749 2102 moror,
770 2054 893 2091 11011
923 2053 1290 2112 magnopere
1312 2034 1433 2092 huc
1457 2035 1877 2112 pertinentes).
1943 2030 2159 2108 Atque,

353 2135 539 2191 etiam
571 2134 633 2191 in
674 2134 745 2191 iis
776 2152 908 2209 quae
950 2140 1092 2191 sunt
1134 2135 1210 2192 de
1248 2133 1452 2192 Circes
1496 2134 1692 2192 insula
1735 2153 1859 2191 non
1896 2131 2165 2195 diffiteor,

352 2252 639 2309 apparere
685 2234 978 2309 quaedam,
1011 2252 1143 2309 quae
1178 2253 1215 2291 a
1250 2239 1455 2290 nostra
1494 2233 1729 2290 ratione
1774 2251 1897 2289 non
1941 2230 2160 2288 leviter

356 2332 672 2390 dissentire
705 2333 1042 2391 videantur.
1133 2332 1382 2390 Etenim
1428 2332 1531 2409 qui
1577 2330 1724 2390 alias
1768 2331 1941 2390 ardet
1985 2331 2162 2400 inex-V

356 2432 520 2510 pleta
559 2433 766 2510 patriae
812 2432 1077 2490 visendae
1123 2433 1422 2509 cupidine,
1465 2433 1515 2491 is
1558 2433 1619 2490 in
1665 2431 1916 2509 magicis
1970 2430 2155 2501 atriiS,

354 2533 610 2590 nimium
642 2533 962 2610 patienter,
995 2533 1301 2610 integrum
1333 2540 1657 2591 cunctatur
1686 2551 1931 2590 3111111111.
1998 2531 2154 2589 Tum

354 2633 540 2690 etiam
593 2651 715 2689 non
774 2630 953 2700 ultro,
1004 2631 1109 2689 sed
1164 2631 1459 2689 comitum
1517 2631 1798 2708 precibus
1849 2630 2153 2708 fatigatuS,

357 2731 580 2790 Divam
621 2738 796 2810 rogat
827 2731 1067 2789 veniam
1109 2731 1393 2790 abeundi.
1485 2730 1704 2807 Itaque
1748 2729 1841 2789 vel
1885 2730 1984 2788 1110
2023 2729 2158 2787 dor-

354 2830 601 2888 mitasse
632 2830 924 2888 dicendus
965 2837 1058 2888 est
1100 2829 1428 2899 Homerus,
1465 2829 1564 2888 vel
1607 2830 1671 2888 id
1712 2828 1828 2887 erit
1867 2847 2159 2886 excusan-

356 2930 520 2999 dum,
552 2930 714 3006 quod
743 2929 944 3006 aliquo
973 2929 1108 2987 loco
1140 2930 1318 2988 docet
1352 2928 1694 2988 Mercurius
1726 2928 2076 3006 Ulyssemz:

600 3054 704 3098 ἔνθα
725 3054 784 3099 σὺ
804 3052 950 3112 μηκέτ’
974 3053 1106 3099 ἔπειτ’
1130 3051 1435 3111 ἀπανήνασθαι
1442 3088 1662 3099 ........

602 3125 724 3186 ὄφρα
745 3126 794 3171 κε’
813 3146 881 3171 τοι
901 3125 1020 3185 λύσῃ
1044 3127 1082 3172 θ’
1107 3128 1302 3187 ἑτάρους,
1324 3127 1456 3172 αὐτόν
1476 3146 1524 3172 τε
1546 3127 1757 3185 κομίσσῃ.

362 3229 672 3288 Diuturna
717 3250 886 3289 mora
939 3230 1233 3308 placanda
1277 3237 1407 3289 erat
1452 3230 1645 3297 Circe,
1693 3249 1770 3286 ne
1823 3249 1945 3286 non
1997 3229 2156 3286 viam

362 3330 621 3405 aperiret
652 3337 785 3387 tum
816 3331 893 3388 ad
921 3329 1211 3388 Tiresiam
1242 3336 1377 3387 tum
1407 3330 1484 3387 ad
1516 3329 1812 3388 Ithacam.

450 3427 750 3488 Praeterea
793 3431 960 3488 miris
1004 3430 1199 3488 modis
1243 3428 1445 3488 lassati
1492 3449 1560 3487 ac
1594 3430 1797 3489 vexati
1828 3428 2156 3504 tetigerant

605 3664 621 3689 y
654 3657 744 3702 Od.
768 3659 827 3702 ix.
852 3674 895 3717 3.
1699 3666 1713 3683 ⁸
1746 3675 1789 3702 x.
1814 3668 1915 3715 297.
