2320 4126
380 207 489 261 274
584 205 895 270 Dubitatur,
925 226 995 260 an
1019 207 1295 279 splendida
1323 209 1528 261 Poeseos
1542 206 1846 278 primordia
1886 225 2047 260 PRAEL-.
2069 227 2183 261 xvr.

381 354 670 430 quasdam
753 356 1103 424 sententiae,
1174 356 1249 414 de
1324 355 1450 413 vita
1531 355 1775 424 caduca,
1855 375 2180 433 rerumque

378 453 725 511 mortalium
760 455 1131 532 aegritudine,
1166 472 1312 530 quas
1358 452 1461 512 ille
1501 454 1654 512 mira
1684 454 2002 513 dulcedine
2047 462 2182 513 nar-

378 552 711 611 rationibus
756 553 877 611 suis
922 553 1210 610 intertexi
1256 553 1506 611 curavit.
1598 552 1918 612 Platonem
1972 561 2177 612 autem

378 652 674 728 expressis
695 652 892 710 verbis
923 649 1132 710 haberi
1165 651 1378 709 volunt
1410 650 1914 730 Philosophorum
1944 652 2184 733 Ὁμηρι-,ι

375 750 670 808 κώπη-ουτ
717 751 963 808 omnino
983 749 1170 827 juxta
1199 750 1351 808 illud
1386 751 1647 820 Horatii,

619 860 866 918 Ingenium
887 860 960 905 cui
983 860 1055 914 sit,
1079 860 1151 906 cui
1173 875 1304 905 mens
1328 859 1539 914 divinior,
1563 870 1698 921 atque
1718 876 1770 906 os

619 935 794 994 Magna
813 942 1100 988 sonaturum,
1129 934 1209 980 des
1231 934 1430 980 nominis
1451 935 1590 995 hujus
1612 934 1848 980 honorem.

462 1039 675 1118 Igitur,
708 1041 868 1118 quod
916 1042 990 1099 ad
1034 1040 1376 1100 Homerum
1422 1048 1485 1100 et
1531 1042 1606 1100 ad
1644 1041 1893 1104 Graecos
1937 1043 2177 1113 attinet,

374 1139 525 1203 nihil
579 1159 722 1214 sane
766 1139 1026 1209 inveniO,
1073 1160 1181 1198 cur
1224 1148 1435 1218 putem
1487 1141 1687 1200 minus
1732 1141 1991 1200 feliciter
2037 1161 2177 1199 eve-

373 1239 550 1308 nisse,
582 1240 742 1317 quod
774 1240 877 1317 qui
914 1241 1144 1318 primus
1175 1260 1420 1318 operam
1452 1242 1687 1299 dederit
1727 1242 1996 1319 poeticae,
2026 1242 2077 1299 is
2112 1242 2177 1299 in

374 1337 571 1397 lucem
606 1339 926 1416 protulerit
958 1340 1271 1418 exemplar
1309 1340 1589 1399 omnibus
1632 1342 1898 1399 numeris
1939 1340 2178 1402 absolu-

374 1444 524 1496 tum.
617 1437 755 1497 Nisi
793 1439 950 1498 forte
991 1446 1239 1517 propter
1280 1439 1622 1498 Homerum
1655 1441 2176 1519 degeneraverunt

374 1537 485 1595 viri
537 1538 763 1608 eximii,
811 1538 1006 1606 Plato,
1054 1538 1425 1607 HerodotUS,
1474 1538 1789 1609 PindaruS‚
1837 1539 2172 1619 AEschylus,

373 1637 617 1707 caeteri'3
665 1657 921 1713 quorum
968 1639 1380 1715 unusquisque
1418 1646 1714 1715 quantum
1758 1638 2030 1699 Homero
2059 1640 2176 1702 ⁴de-

371 1734 515 1793 beat
543 1735 922 1814 inpromptu
956 1744 1049 1796 est
1081 1738 1302 1797 videre.

460 1842 496 1867 “
520 1832 612 1893 At
654 1836 819 1894 enim
865 1837 1180 1916 singularis
1225 1838 1477 1896 fortasse
1521 1844 1652 1896 erat
1704 1837 2058 1898 Graecorum
2111 1844 2175 1896 et

374 1932 632 1992 Homeri
665 1935 897 1994 causa.’'
993 1935 1200 2005 Istam,
1235 1937 1283 1995 si
1314 1936 1531 2014 placet,
1563 1938 1965 2014 quaestionem
1994 1936 2177 1996 altius

371 2034 577 2112 paullo
607 2035 1061 2114 investigemus,
1174 2036 1467 2095 Rationes
1498 2056 1573 2095 ex
1605 2038 1734 2114 ipsa
1763 2056 1827 2094 re
1858 2037 2176 2107 ducantur,

371 2154 573 2212 quare,
606 2135 918 2194 subductis
951 2136 1105 2194 bene
1129 2136 1393 2206 calculiS,
1415 2136 1583 2195 lucro
1604 2136 1881 2214 deputari
1913 2137 2176 2195 debeant

371 2234 616 2312 ubique,
649 2242 712 2293 et
753 2235 817 2292 in
853 2254 1033 2294 omne
1070 2242 1330 2313 temPUS,
1363 2235 1679 2313 splendida
1715 2235 1821 2294 illa
1852 2236 2173 2295 Musarum

372 2335 533 2412 apud
575 2354 845 2412 quosque
881 2335 1224 2412 primordia.
1314 2333 1412 2393 Ac
1453 2335 1643 2392 nolim
1676 2335 1948 2412 profecto
1986 2336 2176 2413 suspi-

373 2434 615 2505 cemini,
653 2433 934 2512 frigidam
975 2433 1402 2492 tantummodo
1448 2452 1518 2491 ac
1548 2432 1823 2509 jejunam
1869 2432 2023 2491 θέσιν
2058 2432 2174 2492 hoc

374 2535 508 2594 loco
554 2554 590 2594 a
633 2535 808 2593 nobis
849 2535 1113 2593 tractari.
1207 2533 1502 2601 Multum,
1544 2532 1694 2590 mihi
1736 2532 1982 2599 credite,
2020 2552 2175 2591 verae

376 2635 638 2695 Poeseos
697 2636 970 2704 interest,
1031 2633 1356 2713 diligenter
1414 2652 1484 2691 ac
1537 2633 1687 2690 scite
1746 2633 1889 2710 poni
1948 2632 2173 2691 limites

373 2736 689 2794 imitandi:
774 2754 906 2812 quae
953 2753 1047 2792 res
1107 2753 1180 2791 eo
1240 2732 1473 2791 facilior
1519 2731 1653 2801 erit,
1714 2752 1835 2809 quo
1893 2732 2173 2793 subtilius

374 2839 582 2890 cernat
626 2831 842 2908 aliquis
886 2829 1162 2889 mirabile
1198 2829 1351 2887 illud
1391 2847 1750 2906 magnorum
1793 2829 2172 2908 ingeniorum

374 2931 543 3008 'quasi
575 2931 1006 2988 commercium
1046 2937 1110 2987 et
1154 2929 1665 2996 communionem,
1702 2929 2045 3007 rectiusque
2083 2930 2174 2988 in-

374 3029 631 3109 telligat,
681 3048 968 3106 quorsum
1020 3029 1240 3106 cuique
1291 3028 1473 3087 liceat
1525 3027 1735 3086 alienis
1774 3029 1864 3085 uti
1910 3035 1981 3087 ut
2033 3030 2171 3094 suis,

377 3129 763 3207 Quapropter
801 3129 863 3186 in
908 3128 1022 3187 hac
1063 3147 1242 3186 causa
1282 3127 1458 3186 venia
1507 3127 1586 3185 sit
1632 3125 1936 3204 paulisper
1981 3130 2174 3187 consi-

375 3229 562 3287 stenti
593 3234 657 3287 et
687 3212 1105 3287 commoranti.

462 3328 624 3387 Volo
655 3335 863 3386 autem
903 3327 1251 3405 planissime
1284 3326 1661 3406 intelligatur
1693 3348 1830 3405 quae
1867 3328 1946 3385 sit
1987 3327 2173 3403 ipsius

376 3447 570 3486 causae
615 3446 868 3486 summa.
958 3426 1297 3497 Quaerimus
1327 3427 1613 3486 videlicet
1649 3430 1725 3487 de
1756 3447 1896 3486 vera
1934 3433 1998 3484 et
2040 3443 2174 3503 ger-

375 3546 555 3586 mana
578 3527 775 3597 Poesi‚
799 3547 876 3586 an
907 3547 941 3585 e
972 3546 1037 3584 re
1067 3528 1195 3604 ejus
1226 3527 1323 3596 sit,
1347 3534 1418 3585 ut
1447 3528 1511 3585 in
1541 3546 1902 3605 unaquaque
1925 3526 2169 3605 regione

378 3633 595 3695 exstet,
629 3628 730 3704 qui
763 3634 1049 3704 tanquam
1082 3627 1144 3683 in
1175 3625 1357 3684 choro
1390 3626 1606 3684 ductor
1635 3627 1905 3685 omnium
1928 3642 2171 3683 assensu
