<?xml version="1.0" encoding="UTF-8"?>
<!DOCTYPE html PUBLIC "-//W3C//DTD XHTML 1.0 Transitional//EN"
    "http://www.w3.org/TR/xhtml1/DTD/xhtml1-transitional.dtd">
<html xmlns="http://www.w3.org/1999/xhtml" xml:lang="en" lang="en">
 <head>
  <title>
</title>
<meta http-equiv="Content-Type" content="text/html;charset=utf-8" />
  <meta name='ocr-system' content='tesseract 3.04.00' />
  <meta name='ocr-capabilities' content='ocr_page ocr_carea ocr_par ocr_line ocrx_word'/>
</head>
<body>
  <div class='ocr_page' id='page_1' title='image "./a588873901kebluoft_0264.png"; bbox 0 0 2320 4126; ppageno 0'>
   <div class='ocr_carea' id='block_1_1' title="bbox 338 197 2134 253">
    <p class='ocr_par' dir='ltr' id='par_1_1' title="bbox 338 197 2134 253">
     <span class='ocr_line' id='line_1_1' title="bbox 338 197 2134 253; baseline 0 -1"><span class='ocrx_word' id='word_1_1' title='bbox 338 199 451 252; x_wconf 68' lang='lat'>254</span> <span class='ocrx_word' id='word_1_2' title='bbox 552 198 686 253; x_wconf 73' lang='lat' dir='ltr'>Deos</span> <span class='ocrx_word' id='word_1_3' title='bbox 707 197 1006 252; x_wconf 69' lang='lat' dir='ltr'>Homericos</span> <span class='ocrx_word' id='word_1_4' title='bbox 1030 197 1109 251; x_wconf 75' lang='lat' dir='ltr'>vel</span> <span class='ocrx_word' id='word_1_5' title='bbox 1131 197 1187 250; x_wconf 74' lang='lat' dir='ltr'>in</span> <span class='ocrx_word' id='word_1_6' title='bbox 1213 199 1444 252; x_wconf 72' lang='lat' dir='ltr'>minimis</span> <span class='ocrx_word' id='word_1_7' title='bbox 1467 200 1619 252; x_wconf 74' lang='lat' dir='ltr'>tacite</span> <span class='ocrx_word' id='word_1_8' title='bbox 1644 199 1826 253; x_wconf 76' lang='lat' dir='ltr'>adesse.</span> <span class='ocrx_word' id='word_1_9' title='bbox 1866 218 2025 252; x_wconf 79' lang='lat' dir='ltr'><strong>PRAEL.</strong></span> <span class='ocrx_word' id='word_1_10' title='bbox 2044 218 2134 252; x_wconf 79' lang='lat' dir='ltr'>xv,</span> 
     </span>
    </p>
   </div>
   <div class='ocr_carea' id='block_1_2' title="bbox 341 336 2138 1374">
    <p class='ocr_par' dir='ltr' id='par_1_2' title="bbox 341 336 2138 1374">
     <span class='ocr_line' id='line_1_2' title="bbox 348 336 2138 402; baseline -0.002 -7"><span class='ocrx_word' id='word_1_11' title='bbox 348 337 508 397; x_wconf 86' lang='lat' dir='ltr'>Hine</span> <span class='ocrx_word' id='word_1_12' title='bbox 539 339 752 397; x_wconf 88' lang='lat' dir='ltr'>eadem</span> <span class='ocrx_word' id='word_1_13' title='bbox 782 337 1146 396; x_wconf 80' lang='lat' dir='ltr'>Telemacho</span> <span class='ocrx_word' id='word_1_14' title='bbox 1187 336 1250 395; x_wconf 89' lang='lat' dir='ltr'>in</span> <span class='ocrx_word' id='word_1_15' title='bbox 1286 357 1506 395; x_wconf 84' lang='lat' dir='ltr'>navem</span> <span class='ocrx_word' id='word_1_16' title='bbox 1536 339 1696 401; x_wconf 86' lang='lat' dir='ltr'>ituro</span> <span class='ocrx_word' id='word_1_17' title='bbox 1727 357 1936 402; x_wconf 88' lang='lat' dir='ltr'>omnes</span> <span class='ocrx_word' id='word_1_18' title='bbox 1966 356 2138 399; x_wconf 64' lang='lat' dir='ltr'>exse⁹</span> 
     </span>
     <span class='ocr_line' id='line_1_3' title="bbox 341 437 1301 520; baseline -0.009 -19"><span class='ocrx_word' id='word_1_19' title='bbox 341 438 546 520; x_wconf 87' lang='lat' dir='ltr'>quitur</span> <span class='ocrx_word' id='word_1_20' title='bbox 574 437 785 496; x_wconf 86' lang='lat' dir='ltr'>alacris</span> <span class='ocrx_word' id='word_1_21' title='bbox 815 437 1012 495; x_wconf 89' lang='lat' dir='ltr'>nuntii</span> <span class='ocrx_word' id='word_1_22' title='bbox 1042 442 1243 512; x_wconf 83' lang='lat' dir='ltr'>partes</span> <span class='ocrx_word' id='word_1_23' title='bbox 1256 445 1301 492; x_wconf 84' lang='lat'>¹¹.</span> 
     </span>
     <span class='ocr_line' id='line_1_4' title="bbox 582 572 1662 632; baseline -0.002 -13"><span class='ocrx_word' id='word_1_24' title='bbox 582 573 668 620; x_wconf 74' lang='grc' dir='ltr'>ἕνθ’</span> <span class='ocrx_word' id='word_1_25' title='bbox 691 573 784 619; x_wconf 80' lang='grc' dir='ltr'>αὖτ’</span> <span class='ocrx_word' id='word_1_26' title='bbox 807 572 910 618; x_wconf 81' lang='grc' dir='ltr'>ἀλλ’</span> <span class='ocrx_word' id='word_1_27' title='bbox 933 572 1091 629; x_wconf 80' lang='grc' dir='ltr'>ἐνόησε</span> <span class='ocrx_word' id='word_1_28' title='bbox 1113 573 1192 617; x_wconf 87' lang='grc' dir='ltr'>θεὰ</span> <span class='ocrx_word' id='word_1_29' title='bbox 1211 574 1466 632; x_wconf 81' lang='grc' dir='ltr'>γλαυκῶπις</span> <span class='ocrx_word' id='word_1_30' title='bbox 1485 572 1662 631; x_wconf 78' lang='grc' dir='ltr'>Ἀθήνη·</span> 
     </span>
     <span class='ocr_line' id='line_1_5' title="bbox 583 640 1702 709; baseline -0.002 -16"><span class='ocrx_word' id='word_1_31' title='bbox 583 649 827 709; x_wconf 81' lang='grc' dir='ltr'>Τηλεμάχῳ</span> <span class='ocrx_word' id='word_1_32' title='bbox 850 646 887 691; x_wconf 81' lang='grc' dir='ltr'>δ’</span> <span class='ocrx_word' id='word_1_33' title='bbox 911 646 1049 690; x_wconf 84' lang='grc' dir='ltr'>εἶκυῖα</span> <span class='ocrx_word' id='word_1_34' title='bbox 1069 646 1178 692; x_wconf 84' lang='grc' dir='ltr'>κατὰ</span> <span class='ocrx_word' id='word_1_35' title='bbox 1198 649 1360 692; x_wconf 81' lang='grc' dir='ltr'>πτόλιν</span> <span class='ocrx_word' id='word_1_36' title='bbox 1382 646 1523 706; x_wconf 77' lang='grc' dir='ltr'>ὤχετο</span> <span class='ocrx_word' id='word_1_37' title='bbox 1544 640 1702 706; x_wconf 76' lang='grc' dir='ltr'>πάντη,</span> 
     </span>
     <span class='ocr_line' id='line_1_6' title="bbox 582 720 1704 782; baseline 0 -15"><span class='ocrx_word' id='word_1_38' title='bbox 582 724 654 770; x_wconf 86' lang='grc' dir='ltr'>καί</span> <span class='ocrx_word' id='word_1_39' title='bbox 672 722 729 781; x_wconf 88' lang='grc' dir='ltr'>ῥα</span> <span class='ocrx_word' id='word_1_40' title='bbox 751 722 923 782; x_wconf 81' lang='grc' dir='ltr'>ἑκάστῳ</span> <span class='ocrx_word' id='word_1_41' title='bbox 945 721 1065 778; x_wconf 86' lang='grc' dir='ltr'>φωτὶ</span> <span class='ocrx_word' id='word_1_42' title='bbox 1085 720 1389 779; x_wconf 84' lang='grc' dir='ltr'>παρισταμένη</span> <span class='ocrx_word' id='word_1_43' title='bbox 1412 722 1532 780; x_wconf 88' lang='grc' dir='ltr'>φάτο</span> <span class='ocrx_word' id='word_1_44' title='bbox 1552 721 1704 779; x_wconf 85' lang='grc' dir='ltr'>μῦθον·</span> 
     </span>
     <span class='ocr_line' id='line_1_7' title="bbox 582 794 1649 854; baseline -0.001 -13"><span class='ocrx_word' id='word_1_45' title='bbox 582 794 816 854; x_wconf 79' lang='grc' dir='ltr'>ἑσπερίους</span> <span class='ocrx_word' id='word_1_46' title='bbox 838 794 875 839; x_wconf 78' lang='grc' dir='ltr'>δ’</span> <span class='ocrx_word' id='word_1_47' title='bbox 894 795 966 839; x_wconf 84' lang='grc' dir='ltr'>ἐπὶ</span> <span class='ocrx_word' id='word_1_48' title='bbox 989 797 1068 852; x_wconf 86' lang='grc' dir='ltr'>νῆα</span> <span class='ocrx_word' id='word_1_49' title='bbox 1090 794 1195 851; x_wconf 90' lang='grc' dir='ltr'>θοὴν</span> <span class='ocrx_word' id='word_1_50' title='bbox 1214 794 1454 854; x_wconf 83' lang='grc' dir='ltr'>ἀγέρεσθαι</span> <span class='ocrx_word' id='word_1_51' title='bbox 1476 794 1649 854; x_wconf 85' lang='grc' dir='ltr'>ἀνώγει.</span> 
     </span>
     <span class='ocr_line' id='line_1_8' title="bbox 581 868 1593 928; baseline -0.001 -13"><span class='ocrx_word' id='word_1_52' title='bbox 581 871 607 928; x_wconf 85' lang='grc' dir='ltr'><em>ἡ</em></span> <span class='ocrx_word' id='word_1_53' title='bbox 630 870 667 915; x_wconf 83' lang='grc' dir='ltr'>δ’</span> <span class='ocrx_word' id='word_1_54' title='bbox 691 869 794 915; x_wconf 77' lang='grc' dir='ltr'>αὖτε</span> <span class='ocrx_word' id='word_1_55' title='bbox 815 869 1016 928; x_wconf 87' lang='grc' dir='ltr'>Φρονίοιο</span> <span class='ocrx_word' id='word_1_56' title='bbox 1038 868 1245 926; x_wconf 82' lang='grc' dir='ltr'>Νοήμονα</span> <span class='ocrx_word' id='word_1_57' title='bbox 1266 870 1479 928; x_wconf 85' lang='grc' dir='ltr'>φαίδιμον</span> <span class='ocrx_word' id='word_1_58' title='bbox 1498 871 1593 914; x_wconf 81' lang='grc' dir='ltr'>υἱὸν</span> 
     </span>
     <span class='ocr_line' id='line_1_9' title="bbox 580 942 1602 1002; baseline 0 -14"><span class='ocrx_word' id='word_1_59' title='bbox 580 947 679 1002; x_wconf 79' lang='grc' dir='ltr'>ἤτεε</span> <span class='ocrx_word' id='word_1_60' title='bbox 701 946 779 1001; x_wconf 85' lang='grc' dir='ltr'>νῆα</span> <span class='ocrx_word' id='word_1_61' title='bbox 801 942 920 1000; x_wconf 83' lang='grc' dir='ltr'>θοήν·</span> <span class='ocrx_word' id='word_1_62' title='bbox 955 946 980 987; x_wconf 88' lang='grc' dir='ltr'>ὁ</span> <span class='ocrx_word' id='word_1_63' title='bbox 1002 943 1054 987; x_wconf 89' lang='grc' dir='ltr'>δέ</span> <span class='ocrx_word' id='word_1_64' title='bbox 1073 944 1115 987; x_wconf 85' lang='grc' dir='ltr'>οἱ</span> <span class='ocrx_word' id='word_1_65' title='bbox 1135 944 1355 1002; x_wconf 83' lang='grc' dir='ltr'>πρόφρων</span> <span class='ocrx_word' id='word_1_66' title='bbox 1374 943 1602 989; x_wconf 79' lang='grc' dir='ltr'>ὑπέδεκτο.</span> 
     </span>
     <span class='ocr_line' id='line_1_10' title="bbox 582 1015 1636 1078; baseline -0.002 -14"><span class='ocrx_word' id='word_1_67' title='bbox 582 1018 745 1069; x_wconf 76' lang='grc' dir='ltr'>δύσετό</span> <span class='ocrx_word' id='word_1_68' title='bbox 768 1017 804 1063; x_wconf 81' lang='grc' dir='ltr'>τ’</span> <span class='ocrx_word' id='word_1_69' title='bbox 829 1016 990 1074; x_wconf 81' lang='grc' dir='ltr'>ἠέλιος,</span> <span class='ocrx_word' id='word_1_70' title='bbox 1014 1019 1228 1062; x_wconf 89' lang='grc' dir='ltr'>σκιόωντό</span> <span class='ocrx_word' id='word_1_71' title='bbox 1245 1037 1292 1062; x_wconf 94' lang='grc' dir='ltr'>τε</span> <span class='ocrx_word' id='word_1_72' title='bbox 1313 1015 1455 1063; x_wconf 79' lang='grc' dir='ltr'>πᾶσαι</span> <span class='ocrx_word' id='word_1_73' title='bbox 1475 1019 1636 1078; x_wconf 83' lang='grc' dir='ltr'>ἀγυιαί.</span> 
     </span>
     <span class='ocr_line' id='line_1_11' title="bbox 580 1081 1758 1154; baseline 0 -17"><span class='ocrx_word' id='word_1_74' title='bbox 580 1094 651 1137; x_wconf 85' lang='grc' dir='ltr'>καὶ</span> <span class='ocrx_word' id='word_1_75' title='bbox 671 1094 772 1138; x_wconf 87' lang='grc' dir='ltr'>τότε</span> <span class='ocrx_word' id='word_1_76' title='bbox 794 1094 874 1150; x_wconf 87' lang='grc' dir='ltr'>νῆα</span> <span class='ocrx_word' id='word_1_77' title='bbox 895 1092 1000 1149; x_wconf 90' lang='grc' dir='ltr'>θοὴν</span> <span class='ocrx_word' id='word_1_78' title='bbox 1020 1090 1146 1136; x_wconf 84' lang='grc' dir='ltr'>ἅλαδ’</span> <span class='ocrx_word' id='word_1_79' title='bbox 1170 1090 1335 1150; x_wconf 78' lang='grc' dir='ltr'>εἴρυσε,</span> <span class='ocrx_word' id='word_1_80' title='bbox 1357 1092 1499 1137; x_wconf 86' lang='grc' dir='ltr'>πάντα</span> <span class='ocrx_word' id='word_1_81' title='bbox 1520 1092 1557 1137; x_wconf 80' lang='grc' dir='ltr'>δ’</span> <span class='ocrx_word' id='word_1_82' title='bbox 1582 1081 1628 1137; x_wconf 75' lang='grc' dir='ltr'>ἐν</span> <span class='ocrx_word' id='word_1_83' title='bbox 1648 1093 1758 1154; x_wconf 81' lang='grc' dir='ltr'>αὐτῇ</span> 
     </span>
     <span class='ocr_line' id='line_1_12' title="bbox 580 1163 1662 1225; baseline 0.001 -14"><span class='ocrx_word' id='word_1_84' title='bbox 580 1165 682 1215; x_wconf 85' lang='grc' dir='ltr'>ὅπλ’</span> <span class='ocrx_word' id='word_1_85' title='bbox 706 1165 853 1218; x_wconf 84' lang='grc' dir='ltr'>ἐτίθει,</span> <span class='ocrx_word' id='word_1_86' title='bbox 875 1166 930 1210; x_wconf 88' lang='grc' dir='ltr'>τά</span> <span class='ocrx_word' id='word_1_87' title='bbox 950 1184 998 1210; x_wconf 89' lang='grc' dir='ltr'>τε</span> <span class='ocrx_word' id='word_1_88' title='bbox 1019 1167 1115 1223; x_wconf 84' lang='grc' dir='ltr'>νῆες</span> <span class='ocrx_word' id='word_1_89' title='bbox 1136 1163 1380 1223; x_wconf 71' lang='grc' dir='ltr'>ἐΰσσελμοι</span> <span class='ocrx_word' id='word_1_90' title='bbox 1401 1166 1662 1225; x_wconf 85' lang='grc' dir='ltr'>φορέουσιν,</span> 
     </span>
     <span class='ocr_line' id='line_1_13' title="bbox 581 1237 1844 1300; baseline -0.002 -13"><span class='ocrx_word' id='word_1_91' title='bbox 581 1243 724 1298; x_wconf 83' lang='grc' dir='ltr'>στῆσε</span> <span class='ocrx_word' id='word_1_92' title='bbox 745 1239 782 1284; x_wconf 88' lang='grc' dir='ltr'>δ’</span> <span class='ocrx_word' id='word_1_93' title='bbox 807 1238 872 1285; x_wconf 85' lang='grc' dir='ltr'>ἐπ’</span> <span class='ocrx_word' id='word_1_94' title='bbox 896 1239 1083 1299; x_wconf 84' lang='grc' dir='ltr'>ἐσχατίῃ</span> <span class='ocrx_word' id='word_1_95' title='bbox 1103 1239 1295 1298; x_wconf 79' lang='grc' dir='ltr'>λιμένος,</span> <span class='ocrx_word' id='word_1_96' title='bbox 1315 1240 1418 1298; x_wconf 84' lang='grc' dir='ltr'>περὶ</span> <span class='ocrx_word' id='word_1_97' title='bbox 1439 1237 1479 1285; x_wconf 73' lang='grc' dir='ltr'>δ’</span> <span class='ocrx_word' id='word_1_98' title='bbox 1500 1240 1659 1286; x_wconf 85' lang='grc' dir='ltr'>ἐσθλοὶ</span> <span class='ocrx_word' id='word_1_99' title='bbox 1680 1242 1844 1300; x_wconf 80' lang='grc' dir='ltr'>ἑταῖροι</span> 
     </span>
     <span class='ocr_line' id='line_1_14' title="bbox 580 1312 1637 1374; baseline -0.001 -13"><span class='ocrx_word' id='word_1_100' title='bbox 580 1315 733 1374; x_wconf 85' lang='grc' dir='ltr'>ἀθρόοι</span> <span class='ocrx_word' id='word_1_101' title='bbox 754 1312 1030 1373; x_wconf 86' lang='grc' dir='ltr'>ἠγερέθοντο·</span> <span class='ocrx_word' id='word_1_102' title='bbox 1065 1314 1145 1359; x_wconf 86' lang='grc' dir='ltr'>θεὰ</span> <span class='ocrx_word' id='word_1_103' title='bbox 1166 1312 1203 1358; x_wconf 88' lang='grc' dir='ltr'>δ’</span> <span class='ocrx_word' id='word_1_104' title='bbox 1227 1313 1414 1372; x_wconf 79' lang='grc' dir='ltr'>ὤτρυνεν</span> <span class='ocrx_word' id='word_1_105' title='bbox 1435 1314 1637 1361; x_wconf 82' lang='grc' dir='ltr'>ἕκαστον.</span> 
     </span>
    </p>
   </div>
   <div class='ocr_carea' id='block_1_3' title="bbox 334 1499 2160 3373">
    <p class='ocr_par' dir='ltr' id='par_1_3' title="bbox 338 1499 2160 1874">
     <span class='ocr_line' id='line_1_15' title="bbox 426 1499 2137 1576; baseline -0.001 -17"><span class='ocrx_word' id='word_1_106' title='bbox 426 1500 591 1570; x_wconf 81' lang='lat' dir='ltr'>Quin</span> <span class='ocrx_word' id='word_1_107' title='bbox 643 1505 706 1557; x_wconf 90' lang='lat' dir='ltr'>et</span> <span class='ocrx_word' id='word_1_108' title='bbox 754 1499 881 1576; x_wconf 88' lang='lat' dir='ltr'>ejus</span> <span class='ocrx_word' id='word_1_109' title='bbox 927 1499 1096 1576; x_wconf 89' lang='lat' dir='ltr'>quasi</span> <span class='ocrx_word' id='word_1_110' title='bbox 1145 1505 1316 1561; x_wconf 89' lang='lat' dir='ltr'>tactu</span> <span class='ocrx_word' id='word_1_111' title='bbox 1363 1499 1450 1568; x_wconf 88' lang='lat' dir='ltr'>fit,</span> <span class='ocrx_word' id='word_1_112' title='bbox 1500 1505 1570 1557; x_wconf 90' lang='lat' dir='ltr'>ut</span> <span class='ocrx_word' id='word_1_113' title='bbox 1629 1518 1779 1576; x_wconf 89' lang='lat' dir='ltr'>quos</span> <span class='ocrx_word' id='word_1_114' title='bbox 1839 1517 1911 1556; x_wconf 90' lang='lat' dir='ltr'>ea</span> <span class='ocrx_word' id='word_1_115' title='bbox 1968 1518 2137 1558; x_wconf 84' lang='lat' dir='ltr'>caros</span> 
     </span>
     <span class='ocr_line' id='line_1_16' title="bbox 338 1598 2137 1676; baseline -0.001 -20"><span class='ocrx_word' id='word_1_116' title='bbox 338 1600 542 1668; x_wconf 89' lang='lat' dir='ltr'>habet,</span> <span class='ocrx_word' id='word_1_117' title='bbox 595 1598 659 1656; x_wconf 93' lang='lat' dir='ltr'>hi</span> <span class='ocrx_word' id='word_1_118' title='bbox 711 1598 1082 1675; x_wconf 81' lang='lat' dir='ltr'>pulchriores</span> <span class='ocrx_word' id='word_1_119' title='bbox 1130 1599 1467 1657; x_wconf 79' lang='lat' dir='ltr'>identidem</span> <span class='ocrx_word' id='word_1_120' title='bbox 1522 1599 1798 1666; x_wconf 85' lang='lat' dir='ltr'>evadant,</span> <span class='ocrx_word' id='word_1_121' title='bbox 1851 1605 1914 1656; x_wconf 88' lang='lat' dir='ltr'>et</span> <span class='ocrx_word' id='word_1_122' title='bbox 1960 1618 2137 1676; x_wconf 45' lang='lat' dir='ltr'>granf</span> 
     </span>
     <span class='ocr_line' id='line_1_17' title="bbox 341 1687 2160 1777; baseline 0.001 -22"><span class='ocrx_word' id='word_1_123' title='bbox 341 1699 537 1756; x_wconf 88' lang='lat' dir='ltr'>diores</span> <span class='ocrx_word' id='word_1_124' title='bbox 581 1696 777 1755; x_wconf 90' lang='lat' dir='ltr'>multo</span> <span class='ocrx_word' id='word_1_125' title='bbox 823 1717 1006 1774; x_wconf 89' lang='lat' dir='ltr'>quam</span> <span class='ocrx_word' id='word_1_126' title='bbox 1051 1697 1292 1756; x_wconf 88' lang='lat' dir='ltr'>fuerant</span> <span class='ocrx_word' id='word_1_127' title='bbox 1336 1705 1532 1760; x_wconf 81' lang='lat' dir='ltr'>antea.</span> <span class='ocrx_word' id='word_1_128' title='bbox 1622 1698 1761 1769; x_wconf 84' lang='lat' dir='ltr'>Quo</span> <span class='ocrx_word' id='word_1_129' title='bbox 1805 1699 1868 1756; x_wconf 89' lang='lat' dir='ltr'>in</span> <span class='ocrx_word' id='word_1_130' title='bbox 1914 1687 2160 1777; x_wconf 24' lang='lat' dir='ltr'>genere*</span> 
     </span>
     <span class='ocr_line' id='line_1_18' title="bbox 338 1794 1345 1874; baseline 0.002 -19"><span class='ocrx_word' id='word_1_131' title='bbox 338 1796 745 1874; x_wconf 87' lang='lat' dir='ltr'>pulcherrima</span> <span class='ocrx_word' id='word_1_132' title='bbox 774 1803 915 1854; x_wconf 88' lang='lat' dir='ltr'>sunt</span> <span class='ocrx_word' id='word_1_133' title='bbox 946 1797 1022 1855; x_wconf 90' lang='lat' dir='ltr'>de</span> <span class='ocrx_word' id='word_1_134' title='bbox 1053 1794 1345 1859; x_wconf 85' lang='lat' dir='ltr'>Laerte0:</span> 
     </span>
    </p>

    <p class='ocr_par' dir='ltr' id='par_1_4' title="bbox 581 1931 1591 1997">
     <span class='ocr_line' id='line_1_19' title="bbox 581 1931 1591 1997; baseline -0.001 -17"><span class='ocrx_word' id='word_1_135' title='bbox 581 1937 732 1995; x_wconf 85' lang='grc' dir='ltr'>τόφρα</span> <span class='ocrx_word' id='word_1_136' title='bbox 754 1934 802 1980; x_wconf 77' lang='grc' dir='ltr'>δὲ</span> <span class='ocrx_word' id='word_1_137' title='bbox 824 1934 1022 1994; x_wconf 87' lang='grc' dir='ltr'>Λαέρτην</span> <span class='ocrx_word' id='word_1_138' title='bbox 1041 1933 1324 1995; x_wconf 82' lang='grc' dir='ltr'>μεγαλήτορα</span> <span class='ocrx_word' id='word_1_139' title='bbox 1345 1931 1381 1995; x_wconf 73' lang='grc' dir='ltr'><em>ᾧ</em></span> <span class='ocrx_word' id='word_1_140' title='bbox 1403 1934 1466 1980; x_wconf 74' lang='grc' dir='ltr'>ε’νὶ</span> <span class='ocrx_word' id='word_1_141' title='bbox 1487 1932 1591 1997; x_wconf 79' lang='grc' dir='ltr'>οἴκῳ</span> 
     </span>
    </p>

    <p class='ocr_par' dir='ltr' id='par_1_5' title="bbox 581 2009 1654 2069">
     <span class='ocr_line' id='line_1_20' title="bbox 581 2009 1654 2069; baseline -0.001 -15"><span class='ocrx_word' id='word_1_142' title='bbox 581 2009 842 2068; x_wconf 85' lang='grc' dir='ltr'>ἀμφίπολος</span> <span class='ocrx_word' id='word_1_143' title='bbox 864 2009 1020 2066; x_wconf 86' lang='grc' dir='ltr'>Σικελὴ</span> <span class='ocrx_word' id='word_1_144' title='bbox 1041 2011 1211 2055; x_wconf 83' lang='grc' dir='ltr'>λοῦσεν</span> <span class='ocrx_word' id='word_1_145' title='bbox 1232 2009 1303 2054; x_wconf 82' lang='grc' dir='ltr'>καὶ</span> <span class='ocrx_word' id='word_1_146' title='bbox 1323 2011 1484 2069; x_wconf 85' lang='grc' dir='ltr'>χρῖσεν</span> <span class='ocrx_word' id='word_1_147' title='bbox 1505 2009 1654 2062; x_wconf 86' lang='grc' dir='ltr'>ε’λαίω,</span> 
     </span>
    </p>

    <p class='ocr_par' dir='ltr' id='par_1_6' title="bbox 582 2083 1760 2145">
     <span class='ocr_line' id='line_1_21' title="bbox 582 2083 1760 2145; baseline 0 -17"><span class='ocrx_word' id='word_1_148' title='bbox 582 2084 700 2143; x_wconf 89' lang='grc' dir='ltr'>ἀμφὶ</span> <span class='ocrx_word' id='word_1_149' title='bbox 722 2083 758 2128; x_wconf 83' lang='grc' dir='ltr'>δ’</span> <span class='ocrx_word' id='word_1_150' title='bbox 782 2083 867 2143; x_wconf 75' lang='grc' dir='ltr'>ἄρα</span> <span class='ocrx_word' id='word_1_151' title='bbox 887 2086 1076 2143; x_wconf 86' lang='grc' dir='ltr'>χλαῖναν</span> <span class='ocrx_word' id='word_1_152' title='bbox 1097 2083 1234 2145; x_wconf 87' lang='grc' dir='ltr'>καλὴν</span> <span class='ocrx_word' id='word_1_153' title='bbox 1253 2084 1407 2138; x_wconf 84' lang='grc' dir='ltr'>βάλεν·</span> <span class='ocrx_word' id='word_1_154' title='bbox 1442 2084 1579 2143; x_wconf 82' lang='grc' dir='ltr'>αὐτὰρ</span> <span class='ocrx_word' id='word_1_155' title='bbox 1600 2083 1760 2144; x_wconf 83' lang='grc' dir='ltr'>Ἀθήνη</span> 
     </span>
    </p>

    <p class='ocr_par' dir='ltr' id='par_1_7' title="bbox 582 2156 1695 2217">
     <span class='ocr_line' id='line_1_22' title="bbox 582 2156 1695 2217; baseline 0.001 -16"><span class='ocrx_word' id='word_1_156' title='bbox 582 2156 689 2216; x_wconf 71' lang='grc' dir='ltr'>ἄγχι</span> <span class='ocrx_word' id='word_1_157' title='bbox 709 2156 1014 2217; x_wconf 88' lang='grc' dir='ltr'>παρισταμένη</span> <span class='ocrx_word' id='word_1_158' title='bbox 1034 2156 1158 2215; x_wconf 88' lang='grc' dir='ltr'>μέλε’</span> <span class='ocrx_word' id='word_1_159' title='bbox 1181 2158 1346 2215; x_wconf 80' lang='grc' dir='ltr'>ἤλδανε</span> <span class='ocrx_word' id='word_1_160' title='bbox 1366 2156 1538 2215; x_wconf 88' lang='grc' dir='ltr'>ποιμένι</span> <span class='ocrx_word' id='word_1_161' title='bbox 1558 2160 1695 2211; x_wconf 85' lang='grc' dir='ltr'>λαῶν,</span> 
     </span>
    </p>

    <p class='ocr_par' dir='ltr' id='par_1_8' title="bbox 580 2227 1746 2288">
     <span class='ocr_line' id='line_1_23' title="bbox 580 2227 1746 2288; baseline 0.003 -15"><span class='ocrx_word' id='word_1_162' title='bbox 580 2229 756 2287; x_wconf 82' lang='grc' dir='ltr'>μείζονα</span> <span class='ocrx_word' id='word_1_163' title='bbox 776 2229 813 2274; x_wconf 77' lang='grc' dir='ltr'>δ’</span> <span class='ocrx_word' id='word_1_164' title='bbox 837 2227 886 2286; x_wconf 78' lang='grc' dir='ltr'>ἠὲ</span> <span class='ocrx_word' id='word_1_165' title='bbox 906 2230 1062 2288; x_wconf 89' lang='grc' dir='ltr'>πάρος,</span> <span class='ocrx_word' id='word_1_166' title='bbox 1085 2231 1155 2274; x_wconf 82' lang='grc' dir='ltr'>καὶ</span> <span class='ocrx_word' id='word_1_167' title='bbox 1175 2231 1387 2276; x_wconf 89' lang='grc' dir='ltr'>πάσσονα</span> <span class='ocrx_word' id='word_1_168' title='bbox 1408 2231 1537 2288; x_wconf 86' lang='grc' dir='ltr'>θῆκεν</span> <span class='ocrx_word' id='word_1_169' title='bbox 1558 2230 1746 2276; x_wconf 76' lang='grc' dir='ltr'>ἰδέσθαι.</span> 
     </span>
    </p>

    <p class='ocr_par' dir='ltr' id='par_1_9' title="bbox 583 2302 1733 2365">
     <span class='ocr_line' id='line_1_24' title="bbox 583 2302 1733 2365; baseline 0.002 -18"><span class='ocrx_word' id='word_1_170' title='bbox 583 2303 630 2348; x_wconf 85' lang='grc' dir='ltr'>ἐκ</span> <span class='ocrx_word' id='word_1_171' title='bbox 650 2302 687 2348; x_wconf 86' lang='grc' dir='ltr'>δ’</span> <span class='ocrx_word' id='word_1_172' title='bbox 709 2303 956 2361; x_wconf 89' lang='grc' dir='ltr'>ἀσαμίνθου</span> <span class='ocrx_word' id='word_1_173' title='bbox 975 2306 1050 2362; x_wconf 81' lang='grc' dir='ltr'>βῆ</span> <span class='ocrx_word' id='word_1_174' title='bbox 1085 2303 1277 2363; x_wconf 81' lang='grc' dir='ltr'>θαύμαζε</span> <span class='ocrx_word' id='word_1_175' title='bbox 1299 2304 1350 2350; x_wconf 89' lang='grc' dir='ltr'>δέ</span> <span class='ocrx_word' id='word_1_176' title='bbox 1367 2324 1442 2363; x_wconf 90' lang='grc' dir='ltr'>μιν</span> <span class='ocrx_word' id='word_1_177' title='bbox 1463 2305 1603 2365; x_wconf 82' lang='grc' dir='ltr'>φίλος</span> <span class='ocrx_word' id='word_1_178' title='bbox 1624 2307 1733 2358; x_wconf 74' lang='grc' dir='ltr'>υἱὸς,</span> 
     </span>
    </p>

    <p class='ocr_par' dir='ltr' id='par_1_10' title="bbox 340 2375 2139 2780">
     <span class='ocr_line' id='line_1_25' title="bbox 582 2375 1606 2438; baseline 0.002 -17"><span class='ocrx_word' id='word_1_179' title='bbox 582 2377 640 2423; x_wconf 84' lang='grc' dir='ltr'>ὡς</span> <span class='ocrx_word' id='word_1_180' title='bbox 659 2375 752 2422; x_wconf 84' lang='grc' dir='ltr'>ἰ’δεν</span> <span class='ocrx_word' id='word_1_181' title='bbox 771 2377 1031 2423; x_wconf 87' lang='grc' dir='ltr'>ἀθανάτοισι</span> <span class='ocrx_word' id='word_1_182' title='bbox 1052 2378 1170 2425; x_wconf 83' lang='grc' dir='ltr'>θεοῖς</span> <span class='ocrx_word' id='word_1_183' title='bbox 1191 2378 1440 2438; x_wconf 80' lang='grc' dir='ltr'>ἐναλίγκιον</span> <span class='ocrx_word' id='word_1_184' title='bbox 1460 2378 1606 2436; x_wconf 74' lang='grc' dir='ltr'>ἄντην.</span> 
     </span>
     <span class='ocr_line' id='line_1_26' title="bbox 344 2503 2139 2581; baseline 0.001 -20"><span class='ocrx_word' id='word_1_185' title='bbox 344 2503 785 2562; x_wconf 82' lang='lat' dir='ltr'>Suavissimum</span> <span class='ocrx_word' id='word_1_186' title='bbox 838 2521 918 2581; x_wconf 20' lang='lat' dir='ltr'>seq</span> <span class='ocrx_word' id='word_1_187' title='bbox 954 2509 1219 2580; x_wconf 84' lang='lat' dir='ltr'>praestat,</span> <span class='ocrx_word' id='word_1_188' title='bbox 1272 2510 1343 2561; x_wconf 93' lang='lat' dir='ltr'>ut</span> <span class='ocrx_word' id='word_1_189' title='bbox 1403 2523 1656 2581; x_wconf 79' lang='lat' dir='ltr'>semper,</span> <span class='ocrx_word' id='word_1_190' title='bbox 1709 2504 1771 2561; x_wconf 91' lang='lat' dir='ltr'>in</span> <span class='ocrx_word' id='word_1_191' title='bbox 1825 2510 2139 2562; x_wconf 79' lang='lat' dir='ltr'>senectute</span> 
     </span>
     <span class='ocr_line' id='line_1_27' title="bbox 342 2601 2139 2679; baseline 0.001 -20"><span class='ocrx_word' id='word_1_192' title='bbox 342 2603 610 2660; x_wconf 88' lang='lat' dir='ltr'>ornanda</span> <span class='ocrx_word' id='word_1_193' title='bbox 651 2601 977 2671; x_wconf 84' lang='lat' dir='ltr'>Homerus,</span> <span class='ocrx_word' id='word_1_194' title='bbox 1010 2601 1182 2660; x_wconf 80' lang='lat' dir='ltr'>velut</span> <span class='ocrx_word' id='word_1_195' title='bbox 1227 2603 1328 2679; x_wconf 91' lang='lat' dir='ltr'>qui</span> <span class='ocrx_word' id='word_1_196' title='bbox 1375 2603 1438 2660; x_wconf 92' lang='lat' dir='ltr'>in</span> <span class='ocrx_word' id='word_1_197' title='bbox 1483 2603 1714 2661; x_wconf 85' lang='lat' dir='ltr'>deliciis</span> <span class='ocrx_word' id='word_1_198' title='bbox 1759 2603 1879 2662; x_wconf 90' lang='lat' dir='ltr'>suis</span> <span class='ocrx_word' id='word_1_199' title='bbox 1923 2602 2139 2661; x_wconf 84' lang='lat' dir='ltr'>lubens</span> 
     </span>
     <span class='ocr_line' id='line_1_28' title="bbox 340 2701 1639 2780; baseline 0 -21"><span class='ocrx_word' id='word_1_200' title='bbox 340 2708 630 2770; x_wconf 86' lang='lat' dir='ltr'>moretur,</span> <span class='ocrx_word' id='word_1_201' title='bbox 663 2721 843 2779; x_wconf 90' lang='lat' dir='ltr'>opere</span> <span class='ocrx_word' id='word_1_202' title='bbox 861 2702 992 2778; x_wconf 86' lang='lat' dir='ltr'>jam</span> <span class='ocrx_word' id='word_1_203' title='bbox 1024 2702 1087 2758; x_wconf 92' lang='lat' dir='ltr'>in</span> <span class='ocrx_word' id='word_1_204' title='bbox 1118 2701 1300 2759; x_wconf 89' lang='lat' dir='ltr'>finem</span> <span class='ocrx_word' id='word_1_205' title='bbox 1333 2709 1639 2780; x_wconf 84' lang='lat' dir='ltr'>vergente.</span> 
     </span>
    </p>

    <p class='ocr_par' dir='ltr' id='par_1_11' title="bbox 334 2800 2138 3373">
     <span class='ocr_line' id='line_1_29' title="bbox 429 2800 2138 2878; baseline -0.002 -19"><span class='ocrx_word' id='word_1_206' title='bbox 429 2801 609 2871; x_wconf 78' lang='lat' dir='ltr'>Quod</span> <span class='ocrx_word' id='word_1_207' title='bbox 641 2802 688 2860; x_wconf 90' lang='lat' dir='ltr'>si</span> <span class='ocrx_word' id='word_1_208' title='bbox 721 2801 873 2878; x_wconf 37' lang='lat' dir='ltr'>quis,</span> <span class='ocrx_word' id='word_1_209' title='bbox 892 2800 1369 2859; x_wconf 88' lang='lat' dir='ltr'>Horatianorum</span> <span class='ocrx_word' id='word_1_210' title='bbox 1411 2801 1590 2868; x_wconf 85' lang='lat' dir='ltr'>dicat,</span> <span class='ocrx_word' id='word_1_211' title='bbox 1622 2800 1752 2858; x_wconf 89' lang='lat' dir='ltr'>istis</span> <span class='ocrx_word' id='word_1_212' title='bbox 1793 2819 1924 2876; x_wconf 86' lang='lat' dir='ltr'>quae</span> <span class='ocrx_word' id='word_1_213' title='bbox 1955 2801 2138 2858; x_wconf 91' lang='lat' dir='ltr'>modo</span> 
     </span>
     <span class='ocr_line' id='line_1_30' title="bbox 339 2898 2137 2977; baseline -0.002 -19"><span class='ocrx_word' id='word_1_214' title='bbox 339 2899 519 2958; x_wconf 87' lang='lat' dir='ltr'>attuli</span> <span class='ocrx_word' id='word_1_215' title='bbox 564 2920 688 2957; x_wconf 92' lang='lat' dir='ltr'>non</span> <span class='ocrx_word' id='word_1_216' title='bbox 733 2901 941 2959; x_wconf 88' lang='lat' dir='ltr'>deesse</span> <span class='ocrx_word' id='word_1_217' title='bbox 986 2901 1215 2958; x_wconf 92' lang='lat' dir='ltr'>nodum</span> <span class='ocrx_word' id='word_1_218' title='bbox 1246 2900 1484 2958; x_wconf 87' lang='lat' dir='ltr'>vindice</span> <span class='ocrx_word' id='word_1_219' title='bbox 1523 2898 1658 2956; x_wconf 93' lang='lat' dir='ltr'>Deo</span> <span class='ocrx_word' id='word_1_220' title='bbox 1701 2899 2137 2977; x_wconf 84' lang='lat' dir='ltr'>dignissimum,</span> 
     </span>
     <span class='ocr_line' id='line_1_31' title="bbox 340 2995 2138 3074; baseline -0.002 -18"><span class='ocrx_word' id='word_1_221' title='bbox 340 2998 581 3056; x_wconf 88' lang='lat' dir='ltr'>obsessa</span> <span class='ocrx_word' id='word_1_222' title='bbox 611 3018 718 3074; x_wconf 90' lang='lat' dir='ltr'>per</span> <span class='ocrx_word' id='word_1_223' title='bbox 747 2998 1025 3056; x_wconf 91' lang='lat' dir='ltr'>inimicos</span> <span class='ocrx_word' id='word_1_224' title='bbox 1056 2998 1293 3056; x_wconf 84' lang='lat' dir='ltr'>Laertis</span> <span class='ocrx_word' id='word_1_225' title='bbox 1324 2999 1540 3067; x_wconf 91' lang='lat' dir='ltr'>domo;</span> <span class='ocrx_word' id='word_1_226' title='bbox 1587 3005 1651 3055; x_wconf 89' lang='lat' dir='ltr'>at</span> <span class='ocrx_word' id='word_1_227' title='bbox 1689 2997 1834 3073; x_wconf 91' lang='lat' dir='ltr'>quid</span> <span class='ocrx_word' id='word_1_228' title='bbox 1865 2995 2138 3054; x_wconf 89' lang='lat' dir='ltr'>leviculis</span> 
     </span>
     <span class='ocr_line' id='line_1_32' title="bbox 339 3095 2138 3174; baseline -0.002 -20"><span class='ocrx_word' id='word_1_229' title='bbox 339 3097 470 3156; x_wconf 89' lang='lat' dir='ltr'>istis</span> <span class='ocrx_word' id='word_1_230' title='bbox 501 3097 703 3166; x_wconf 90' lang='lat' dir='ltr'>faciet,</span> <span class='ocrx_word' id='word_1_231' title='bbox 731 3096 1017 3156; x_wconf 89' lang='lat' dir='ltr'>Minerva</span> <span class='ocrx_word' id='word_1_232' title='bbox 1045 3116 1207 3155; x_wconf 91' lang='lat' dir='ltr'>nunc</span> <span class='ocrx_word' id='word_1_233' title='bbox 1238 3098 1510 3174; x_wconf 81' lang='lat' dir='ltr'>pastoriS,</span> <span class='ocrx_word' id='word_1_234' title='bbox 1534 3116 1697 3155; x_wconf 92' lang='lat' dir='ltr'>nunc</span> <span class='ocrx_word' id='word_1_235' title='bbox 1727 3095 1945 3164; x_wconf 91' lang='lat' dir='ltr'>nuntii,</span> <span class='ocrx_word' id='word_1_236' title='bbox 1976 3112 2138 3151; x_wconf 91' lang='lat' dir='ltr'>nunc</span> 
     </span>
     <span class='ocr_line' id='line_1_33' title="bbox 336 3192 2137 3274; baseline -0.002 -21"><span class='ocrx_word' id='word_1_237' title='bbox 336 3197 625 3274; x_wconf 84' lang='lat' dir='ltr'>praeconis</span> <span class='ocrx_word' id='word_1_238' title='bbox 685 3195 950 3254; x_wconf 89' lang='lat' dir='ltr'>officium</span> <span class='ocrx_word' id='word_1_239' title='bbox 1011 3201 1282 3274; x_wconf 81' lang='lat' dir='ltr'>gerente,</span> <span class='ocrx_word' id='word_1_240' title='bbox 1341 3214 1504 3253; x_wconf 91' lang='lat' dir='ltr'>nunc</span> <span class='ocrx_word' id='word_1_241' title='bbox 1569 3192 1853 3272; x_wconf 89' lang='lat' dir='ltr'>puellulae</span> <span class='ocrx_word' id='word_1_242' title='bbox 1921 3212 2137 3251; x_wconf 90' lang='lat' dir='ltr'>urnam</span> 
     </span>
     <span class='ocr_line' id='line_1_34' title="bbox 334 3292 2136 3373; baseline -0.003 -19"><span class='ocrx_word' id='word_1_243' title='bbox 334 3294 674 3373; x_wconf 74' lang='lat' dir='ltr'>portantis?</span> <span class='ocrx_word' id='word_1_244' title='bbox 764 3293 889 3353; x_wconf 83' lang='lat' dir='ltr'>Cur</span> <span class='ocrx_word' id='word_1_245' title='bbox 941 3295 1017 3353; x_wconf 92' lang='lat' dir='ltr'>de</span> <span class='ocrx_word' id='word_1_246' title='bbox 1070 3293 1223 3353; x_wconf 83' lang='lat' dir='ltr'>eoelo</span> <span class='ocrx_word' id='word_1_247' title='bbox 1277 3293 1592 3352; x_wconf 88' lang='lat' dir='ltr'>descendit</span> <span class='ocrx_word' id='word_1_248' title='bbox 1650 3293 1689 3351; x_wconf 86' lang='lat' dir='ltr'><strong>J</strong></span> <span class='ocrx_word' id='word_1_249' title='bbox 1695 3293 1792 3351; x_wconf 89' lang='lat' dir='ltr'>ovi</span> <span class='ocrx_word' id='word_1_250' title='bbox 1844 3292 2136 3369; x_wconf 87' lang='lat' dir='ltr'>proxima,</span> 
     </span>
    </p>
   </div>
   <div class='ocr_carea' id='block_1_4' title="bbox 335 3393 2138 3462">
    <p class='ocr_par' dir='ltr' id='par_1_12' title="bbox 335 3393 2138 3462">
     <span class='ocr_line' id='line_1_35' title="bbox 335 3393 2138 3462; baseline -0.002 -11"><span class='ocrx_word' id='word_1_251' title='bbox 335 3414 497 3453; x_wconf 90' lang='lat' dir='ltr'>nunc</span> <span class='ocrx_word' id='word_1_252' title='bbox 541 3395 618 3453; x_wconf 88' lang='lat' dir='ltr'>ad</span> <span class='ocrx_word' id='word_1_253' title='bbox 663 3394 824 3453; x_wconf 89' lang='lat' dir='ltr'>viam</span> <span class='ocrx_word' id='word_1_254' title='bbox 867 3393 1339 3462; x_wconf 86' lang='lat' dir='ltr'>monstrandam,</span> <span class='ocrx_word' id='word_1_255' title='bbox 1385 3413 1546 3451; x_wconf 92' lang='lat' dir='ltr'>nunc</span> <span class='ocrx_word' id='word_1_256' title='bbox 1591 3394 1667 3451; x_wconf 87' lang='lat' dir='ltr'>ad</span> <span class='ocrx_word' id='word_1_257' title='bbox 1713 3393 1874 3450; x_wconf 89' lang='lat' dir='ltr'>cives</span> <span class='ocrx_word' id='word_1_258' title='bbox 1919 3410 2138 3448; x_wconf 71' lang='lat' dir='ltr'>convo-</span> 
     </span>
    </p>
   </div>
   <div class='ocr_carea' id='block_1_5' title="bbox 518 3611 1953 3675">
    <p class='ocr_par' dir='ltr' id='par_1_13' title="bbox 518 3611 1953 3675">
     <span class='ocr_line' id='line_1_36' title="bbox 518 3611 1953 3675; baseline -0.003 -15"><span class='ocrx_word' id='word_1_259' title='bbox 518 3623 545 3647; x_wconf 91' lang='lat' dir='ltr'>n</span> <span class='ocrx_word' id='word_1_260' title='bbox 566 3616 670 3661; x_wconf 90' lang='lat' dir='ltr'>·Od.</span> <span class='ocrx_word' id='word_1_261' title='bbox 693 3616 739 3660; x_wconf 84' lang='lat' dir='ltr'>ii.</span> <span class='ocrx_word' id='word_1_262' title='bbox 762 3617 867 3675; x_wconf 86' lang='lat'><strong>382.</strong></span> <span class='ocrx_word' id='word_1_263' title='bbox 1659 3620 1677 3646; x_wconf 56' lang='grc' dir='ltr'><em>ἕ</em></span> <span class='ocrx_word' id='word_1_264' title='bbox 1707 3613 1829 3658; x_wconf 82' lang='lat' dir='ltr'>xxiv.</span> <span class='ocrx_word' id='word_1_265' title='bbox 1849 3611 1953 3671; x_wconf 84' lang='lat'><strong>365.</strong></span> 
     </span>
    </p>
   </div>
  </div>
 </body>
</html>
