2320 4126
346 188 457 239 280
631 186 912 239 Pommtur
935 187 1186 240 nonnulla
1211 186 1534 241 imitantibus
1558 186 1792 241 vitanda.
1835 206 1995 240 PRAEL.
2022 205 2134 239 xvr.

430 332 664 392 Verum
709 334 1017 392 enimvero
1060 334 1194 392 haec
1239 335 1442 392 omnia
1484 353 1608 391 non
1651 341 1779 392 tam
1831 333 1907 391 ad
1953 331 2139 409 ipsius

348 430 608 492 Poeseos
666 434 1016 491 interiorem
1069 433 1191 490 vim
1251 439 1439 509 atque
1497 433 1762 491 animam
1813 431 2138 509 pertinent,

345 551 527 608 quam
588 532 664 590 ad
728 539 1045 590 externam
1119 532 1392 608 ejusdem
1461 531 1718 590 formam
1783 531 2138 607 faciemque.

346 628 634 707 Intelligo
665 631 787 687 vim
832 630 1114 687 intimam
1151 627 1429 698 Poeseos,
1461 628 1629 688 illam
1666 630 1850 687 toties
1889 648 1926 686 a
1967 627 2142 686 nobis

344 725 670 797 laudatam,
732 747 849 805 qua
907 729 1161 805 quisque
1219 729 1380 805 potis
1440 734 1533 786 est
1592 727 1891 786 ferventia
1960 726 2140 785 nimis

345 826 528 885 corda
585 825 951 884 carminibus
1007 826 1263 904 placare.
1393 825 1569 884 Nihil
1628 826 1920 903 profectO,
1979 825 2142 902 quod

344 924 547 992 sciam,
589 932 758 983 vetat
802 944 937 983 eam
982 925 1337 984 facultatem
1383 932 1594 984 extare
1639 924 1731 983 vel
1779 924 2142 1002 praecipuam

343 1024 407 1081 in
465 1023 575 1081 tali
602 1058 604 1060 v
635 1025 943 1103 scriptore,
993 1025 1095 1102 qui
1148 1025 1317 1083 nulla
1375 1024 1666 1103 religione
1718 1030 2016 1093 teneatur,
2063 1042 2142 1081 ne

343 1122 611 1199 proprias
641 1143 734 1182 res
765 1123 975 1183 alienis
1007 1124 1204 1183 verbis
1236 1124 1556 1201 exprimat.
1625 1123 1843 1200 Itaque
1872 1140 2144 1200 persaepe

341 1229 559 1280 mutua
601 1222 716 1282 sibi
761 1231 961 1282 sumet
1006 1224 1204 1292 verba,
1235 1224 1546 1302 imagineS‚
1584 1223 1773 1281 immo
1815 1221 2146 1282 sententias

344 1330 537 1382 totas:
592 1323 733 1402 styli
777 1323 958 1392 color,
1006 1323 1359 1381 modulandi
1407 1323 1685 1382 carminis
1730 1329 1921 1391 tenor,
1966 1320 2146 1379 nimis

343 1429 625 1481 accurate
685 1424 921 1501 sapient
980 1423 1274 1482 dilectum
1335 1423 1688 1500 exemplar:
1761 1442 1883 1480 non
1940 1429 2150 1480 tamen

345 1521 540 1579 deerit
585 1523 917 1601 ingenium,
970 1542 1094 1580 non
1134 1541 1308 1581 mens
1354 1523 1630 1592 divinior,
1671 1528 1958 1597 recteque
2002 1519 2148 1578 satis

344 1621 640 1696 primariis
685 1623 1066 1681 adnumerari
1111 1623 1353 1699 poterit,
1401 1622 1587 1679 etiam
1625 1621 1728 1697 qui
1773 1620 1981 1699 lingua
2022 1634 2146 1677 non

344 1737 453 1777 sua
483 1732 621 1778 suos
651 1727 860 1778 tamen
904 1739 1111 1803 sensus
1142 1719 1372 1777 fervide
1415 1718 1654 1791 noverit
1700 1716 1927 1776 efferre.
2021 1716 2145 1775 Mi-

342 1816 507 1875 nime
557 1837 866 1896 negamus,
928 1817 1292 1875 deteriorem
1352 1816 1481 1874 fore
1540 1821 1802 1892 poetam,
1863 1815 1968 1874 sed
2028 1817 2144 1874 erit

343 1923 655 1993 utcunque
685 1924 893 1976 tamen
923 1924 1121 1995 poeta.

433 2014 646 2074 Unum
688 2017 962 2075 omnium
997 2016 1265 2074 maxime
1305 2015 1643 2074 cavendum
1684 2015 1820 2086 erit,
1852 2014 2037 2091 siquis
2070 2013 2147 2073 ad

345 2113 753 2173 aemulandum
773 2116 1035 2194 aliquem
1053 2116 1391 2193 promptior
1409 2115 1514 2184 sit;
1529 2133 1607 2172 ne
1619 2114 1775 2172 forte
1795 2114 1906 2172 sibi
1917 2114 2145 2193 deligat

345 2215 509 2273 idem
539 2214 718 2292 plane
749 2222 933 2293 atque
962 2215 1079 2274 iste
1110 2214 1410 2273 scribendi
1435 2232 1627 2292 genus
1657 2220 1842 2290 atque
1872 2213 2145 2272 formam.

347 2313 634 2392 Exempli
670 2315 880 2393 gratia,
913 2315 1016 2392 qui
1058 2320 1226 2372 totus
1267 2319 1360 2371 est
1402 2314 1465 2370 in
1502 2311 1862 2382 Homericis,
1899 2313 1966 2382 is,
2009 2333 2149 2372 cen-

347 2413 507 2483 sebO,
553 2413 890 2493 Tragoediae
942 2414 1146 2491 potius
1191 2433 1372 2491 quam
1420 2411 1727 2488 Epopoeiae
1776 2432 1840 2470 se
1887 2413 2151 2471 addicat.-

347 2510 687 2589 Adjuvabit
747 2514 1022 2572 nonnihil
1073 2515 1204 2591 ipsa
1248 2531 1640 2570 numerorum
1693 2512 2022 2580 diversitaS,
2068 2530 2147 2569 ne

347 2613 518 2670 inscii
563 2613 882 2672 mittamus
912 2613 1131 2672 falcem
1171 2613 1235 2670 in
1273 2631 1531 2670 messem
1573 2611 1851 2681 alienam,
1882 2630 2035 2669 neve
2071 2610 2150 2669 ad

348 2711 660 2770 fastidium
701 2732 1061 2791 usurpemus
1091 2711 1294 2781 verba,
1326 2729 1519 2779 voces,
1551 2710 1864 2780 clausulaS,
1906 2716 2148 2769 senten-

348 2810 571 2867 tiarum
602 2810 908 2880 formulas,
941 2810 1158 2887 quibus
1188 2809 1428 2888 gavisus
1464 2809 1543 2866 sit
1578 2807 1702 2878 ille,
1734 2826 1915 2885 quem
1945 2806 2149 2884 cupidi

347 2908 675 2983 sequimur.

434 3003 736 3064 Adhibita
777 3007 966 3085 igitur
1008 3025 1085 3064 ex
1131 3006 1245 3065 hac
1289 3012 1462 3083 parte
1502 3003 1836 3082 diligentia,
1865 3022 1988 3061 non
2031 3003 2147 3061 erit
2198 3048 2203 3054 .

351 3124 458 3162 cur
486 3105 548 3162 in
580 3106 818 3164 assidua
846 3105 1109 3163 lectione
1141 3123 1423 3163 exercere
1455 3122 1519 3162 se
1546 3103 1786 3161 dubitet
1815 3102 2046 3179 aliquiS‚
2071 3121 2148 3160 ne

350 3200 582 3260 scilicet
632 3202 697 3260 in
744 3201 941 3260 aliena
987 3202 1166 3260 nimis
1217 3201 1489 3258 intentus
1544 3199 1789 3257 amittat
1848 3198 2149 3276 propriam

350 3320 421 3358 ac
452 3302 720 3359 nativam
752 3302 893 3360 vim.
993 3300 1158 3371 Quin
1188 3300 1391 3377 potius
1420 3299 1891 3375 uniuscujusque
1921 3299 2150 3356 studio-

353 3418 488 3456 rum
519 3419 642 3458 non
670 3401 924 3458 minima
959 3420 1094 3478 pars
1124 3418 1254 3458 esse
1285 3397 1550 3466 debebit,
1582 3416 1756 3454 nosse
1802 3416 1923 3454 non
1967 3395 2153 3453 modo

354 3515 449 3556 res
495 3499 673 3575 ipsas,
705 3519 915 3557 verum
962 3501 1147 3557 etiam
1194 3498 1270 3555 de
1315 3517 1380 3555 re
1421 3515 1662 3573 quaque
1695 3495 1928 3571 judicia
1967 3502 2150 3571 atque

352 3594 606 3655 affectus
646 3616 1003 3675 magnorum
1038 3599 1317 3655 virorum.
1398 3595 1577 3665 Quod
1616 3596 1664 3654 si
1695 3595 1850 3652 forte
1891 3593 2153 3659 eveniat,
