2320 4126
338 176 450 228 320
513 203 515 205 ·
575 175 659 228 De
672 173 920 246 partibus
950 173 1268 228 Cassandrae
1292 181 1340 227 et
1370 173 1764 243 Glytemnestrae.
1804 192 1966 227 PRAEL.
1984 193 2138 228 xvm.

343 316 597 394 auguria
638 315 881 374 Chorici
930 335 1122 384 861168,
1180 317 1561 394 agnoscimus
1609 317 1788 394 plane
1830 316 1994 394 vulgi
2036 316 2145 373 du-

342 416 562 483 ritiam,
606 434 730 472 non
767 414 945 473 facile
991 414 1241 472 ferentis
1282 412 1479 471 afferri
1527 416 1604 473 ad
1645 435 1825 473 omne
1855 421 2143 472 eventum

343 514 440 572 vel
501 514 688 571 divini
750 512 1040 570 Numinis
1099 512 1241 580 vim,
1302 511 1399 569 vel
1457 515 1811 571 memoriam
1866 513 2146 571 facinoris

342 613 522 671 nimis
581 613 833 688 antiqui,
894 618 958 669 et
1010 611 1396 687 jamdudum,
1457 618 1527 669 ut
1589 613 1784 670 visum
1843 612 1936 671 his
1996 619 2145 679 erat,

344 709 620 770 obsoleti.
711 710 946 768 Possim
990 709 1295 786 permulta
1346 729 1489 768 sane
1541 712 1778 778 addere,
1833 731 1972 787 quae
2025 710 2145 767 huc

345 811 742 869 vehementer
770 809 1155 885 pertineant3
1208 808 1314 866 sed
1353 828 1602 867 manum
1634 810 1948 879 abstineo;
2003 809 2146 886 quid

345 905 554 965 enim?
622 905 1034 964 exscribendae
1076 906 1276 964 forent
1322 906 1614 964 universae
1650 906 1841 964 ferme
1887 906 2147 964 fatidicae

346 1004 593 1082 virginis
658 1010 880 1080 partes.
972 1002 1139 1061 Nam
1200 1023 1272 1061 ea
1323 1004 1544 1080 passim
1604 1005 1691 1061 ita
1741 1004 2024 1081 loquitur,
2078 1010 2148 1061 ut

347 1102 555 1161 decuit
607 1122 759 1172 eam,
806 1122 940 1179 quae
992 1101 1126 1161 Diis
1178 1103 1321 1180 ipsis
1374 1103 1732 1161 docentibus
1775 1103 2150 1184 vindicatura

347 1210 508 1262 esset
566 1202 630 1260 in
690 1221 902 1261 eorum
955 1201 1216 1260 tutelam
1268 1221 1363 1260 res
1411 1201 1728 1260 hominum
1781 1221 1817 1261 a
1867 1222 2033 1261 coeco
2086 1210 2150 1260 et

348 1301 642 1381 praecipiti
672 1302 816 1360 fato.

436 1399 695 1470 Deinde,
727 1419 805 1458 ex
837 1399 1029 1458 altera
1059 1419 1300 1477 quoque
1337 1407 1526 1477 parte,
1559 1400 1853 1459 habemus
1884 1399 2154 1477 Clytem-

351 1509 636 1569 nestram,
689 1498 944 1556 mirifice
998 1505 1277 1556 tuentem
1327 1518 1391 1557 se
1443 1499 1804 1557 necessitate
1844 1498 2152 1575 peccandi,

350 1597 456 1656 ubi
517 1597 908 1656 commissum
965 1595 1161 1654 scelus
1221 1616 1444 1675 negare
1489 1615 1687 1673 neque
1732 1598 1984 1655 auderet
2042 1616 2155 1655 nec

352 1696 539 1755 vellet
569 1696 836 1774 quidem.
928 1694 1152 1771 Neque
1184 1696 1348 1753 enim
1379 1695 1497 1754 3113
1526 1714 1657 1754 6886
1688 1714 1868 1754 631183
1897 1696 2156 1764 videtur,

353 1816 460 1854 cur
512 1815 585 1854 ea
632 1802 761 1854 tam
813 1794 990 1853 avide
1028 1795 1274 1872 arripiat
1321 1794 1637 1854 Daemonis
1681 1814 1922 1864 nomen,
1969 1794 2157 1853 semel

352 1915 389 1954 a
418 1894 602 1955 choro
632 1894 1014 1954 nominatum
1028 1900 1073 1951 Ρ.

841 1998 917 2041 νῦν
938 1994 975 2040 δ’
1000 1995 1216 2055 ὦρθώσας
1240 1997 1463 2055 στοματὸς
1483 1999 1673 2056 γνώμην,

839 2072 918 2116 τὸν
938 2071 1200 2130 τριπάχυιον

842 2143 1027 2201 δαίμονα
1046 2143 1202 2203 γέννας
1221 2144 1361 2202 τῆσδε
1381 2143 1643 2202 κικλήσκων

843 2217 891 2261 ἐκ
911 2220 990 2262 τοῦ
1010 2218 1096 2277 γὰρ
1113 2218 1202 2277 ἔρις
1222 2219 1537 2277 αἱματόλοιχος

842 2289 962 2348 νείρῃ
985 2289 1213 2349 τρέφεται,
1236 2290 1341 2349 πρὶν
1362 2290 1603 2348 καταλῆξαι

842 2364 893 2407 τὸ
914 2364 1105 2409 παλαιὸν
1125 2362 1251 2422 ἄχος,
1274 2362 1371 2420 νέος
1389 2361 1520 2422 ἰ’χωρ.
1619 2372 1621 2374 ’

359 2469 618 2546 Rapitur
670 2467 769 2526 1116
827 2467 952 2526 11116
1009 2469 1246 2527 3111111118
1303 2468 1448 2526 111311
1511 2469 1623 2527 sibi
1687 2471 1977 2540 consciuS‚
2030 2477 2162 2528 ten-

359 2575 571 2645 tatque
604 2568 824 2637 omnia,
856 2568 904 2626 si
929 2587 1049 2644 qua
1079 2568 1236 2625 forte
1267 2568 1500 2626 ratione
1530 2576 1812 2646 praestare
1843 2588 1906 2627 se
1935 2570 2161 2647 poterit

359 2666 437 2725 ab
477 2667 728 2725 immani
770 2666 950 2744 culpa
989 2666 1267 2725 liberum.
1358 2666 1593 2725 Chorus
1633 2675 1859 2737 contra,
1890 2677 2160 2727 mentem

359 2767 642 2836 referem,
675 2773 746 2825 ut
785 2765 1026 2835 assolet,
1070 2765 1258 2843 ipsius
1304 2764 1526 2834 Poetae,
1558 2786 1679 2824 11011
1716 2768 1858 2826 sinit
1897 2787 2032 2826 eam
2077 2771 2164 2830 ita

360 2886 690 2943 provocare
720 2867 796 2925 ad
829 2866 1166 2924 daemonem
1203 2865 1406 2923 1168610
1438 2886 1638 2942 quem,
1673 2874 1742 2924 ut
1773 2887 1894 2925 non
1926 2887 2163 2946 semper

362 2964 586 3024 habeat
636 2966 999 3044 praecipuam
1047 2964 1337 3023 Numinis
1383 2965 1587 3023 omnia
1631 2968 2026 3043 temperantis
2074 2988 2166 3026 ra-

363 3065 613 3123 tionem.

848 3166 873 3225 ἦ
895 3167 1035 3227 μέγαν
1055 3166 1189 3214 οἴκοις
1209 3167 1362 3213 τοῖσδε

849 3241 1033 3299 δαίμονα
1053 3241 1123 3286 καὶ
1142 3240 1386 3301 βαρύμηνιν
1406 3241 1550 3288 αἰνεῖς·

849 3316 954 3375 φεῦ,
975 3317 1080 3375 φεῦ,
1104 3317 1235 3361 κακὸν
1255 3313 1375 3361 αἶνον
1396 3315 1506 3373 ἀτη-

850 3391 959 3447 -ρᾶς
979 3408 1116 3448 τυχας
1136 3389 1396 3449 ἀκορέστου.

851 3459 872 3478 u
932 3460 954 3478 u
1015 3462 1041 3506 δ
1088 3463 1100 3479 x
1126 3469 1163 3507 Δ
1189 3464 1199 3481 s

854 3480 911 3519 ιη,
935 3481 992 3520 ιη,
1043 3481 1104 3507 ιαι
1166 3482 1231 3509 ιος

1078 3595 1102 3625 P
1135 3587 1290 3645 Ayam.
1319 3599 1447 3646 1451.
