<?xml version="1.0" encoding="UTF-8"?>
<!DOCTYPE html PUBLIC "-//W3C//DTD XHTML 1.0 Transitional//EN"
    "http://www.w3.org/TR/xhtml1/DTD/xhtml1-transitional.dtd">
<html xmlns="http://www.w3.org/1999/xhtml" xml:lang="en" lang="en">
 <head>
  <title>
</title>
<meta http-equiv="Content-Type" content="text/html;charset=utf-8" />
  <meta name='ocr-system' content='tesseract 3.04.00' />
  <meta name='ocr-capabilities' content='ocr_page ocr_carea ocr_par ocr_line ocrx_word'/>
</head>
<body>
  <div class='ocr_page' id='page_1' title='image "./a588873901kebluoft_0134.png"; bbox 0 0 2320 4126; ppageno 0'>
   <div class='ocr_carea' id='block_1_1' title="bbox 687 1356 1763 1433">
    <p class='ocr_par' dir='ltr' id='par_1_1' title="bbox 687 1356 1763 1433">
     <span class='ocr_line' id='line_1_1' title="bbox 687 1356 1763 1433; baseline 0.007 -7"><span class='ocrx_word' id='word_1_1' title='bbox 687 1356 1359 1432; x_wconf 84' lang='lat' dir='ltr'><strong>PRAELECTIO</strong></span> <span class='ocrx_word' id='word_1_2' title='bbox 1436 1363 1763 1433; x_wconf 88' lang='lat' dir='ltr'><strong>NONA.</strong></span> 
     </span>
    </p>
   </div>
   <div class='ocr_carea' id='block_1_2' title="bbox 330 1779 2137 1848">
    <p class='ocr_par' dir='ltr' id='par_1_2' title="bbox 330 1779 2137 1848">
     <span class='ocr_line' id='line_1_2' title="bbox 330 1779 2137 1848; baseline 0.005 -23"><span class='ocrx_word' id='word_1_3' title='bbox 330 1779 606 1827; x_wconf 81' lang='lat' dir='ltr'><em>Declaratur</em></span> <span class='ocrx_word' id='word_1_4' title='bbox 646 1784 831 1829; x_wconf 81' lang='lat' dir='ltr'><strong><em>Homeri</em></strong></span> <span class='ocrx_word' id='word_1_5' title='bbox 878 1785 1087 1831; x_wconf 80' lang='lat' dir='ltr'><strong><em>bellicosa</em></strong></span> <span class='ocrx_word' id='word_1_6' title='bbox 1129 1793 1262 1846; x_wconf 82' lang='lat' dir='ltr'><strong><em>atque</em></strong></span> <span class='ocrx_word' id='word_1_7' title='bbox 1309 1788 1418 1833; x_wconf 87' lang='lat' dir='ltr'><strong><em>adeo</em></strong></span> <span class='ocrx_word' id='word_1_8' title='bbox 1460 1790 1658 1834; x_wconf 82' lang='lat' dir='ltr'><strong><em>Heroica</em></strong></span> <span class='ocrx_word' id='word_1_9' title='bbox 1702 1790 1887 1844; x_wconf 79' lang='lat' dir='ltr'><em>indoles,</em></span> <span class='ocrx_word' id='word_1_10' title='bbox 1930 1788 2137 1848; x_wconf 75' lang='lat' dir='ltr'><strong><em>eoeemplis</em></strong></span> 
     </span>
    </p>
   </div>
   <div class='ocr_carea' id='block_1_3' title="bbox 391 1857 2136 1994">
    <p class='ocr_par' dir='ltr' id='par_1_3' title="bbox 391 1857 2136 1994">
     <span class='ocr_line' id='line_1_3' title="bbox 391 1857 2136 1923; baseline 0.006 -23"><span class='ocrx_word' id='word_1_11' title='bbox 391 1861 482 1900; x_wconf 82' lang='lat' dir='ltr'><strong><em>tum</em></strong></span> <span class='ocrx_word' id='word_1_12' title='bbox 515 1857 576 1901; x_wconf 82' lang='lat' dir='ltr'><strong><em>ad</em></strong></span> <span class='ocrx_word' id='word_1_13' title='bbox 611 1865 763 1904; x_wconf 79' lang='lat' dir='ltr'><strong><em>castra</em></strong></span> <span class='ocrx_word' id='word_1_14' title='bbox 791 1861 1133 1919; x_wconf 80' lang='lat' dir='ltr'><strong><em>pertinentibus,</em></strong></span> <span class='ocrx_word' id='word_1_15' title='bbox 1173 1867 1264 1906; x_wconf 82' lang='lat' dir='ltr'><strong><em>tum</em></strong></span> <span class='ocrx_word' id='word_1_16' title='bbox 1304 1862 1369 1906; x_wconf 82' lang='lat' dir='ltr'><strong><em>ad</em></strong></span> <span class='ocrx_word' id='word_1_17' title='bbox 1403 1863 1555 1916; x_wconf 83' lang='lat' dir='ltr'><strong><em>aciem,</em></strong></span> <span class='ocrx_word' id='word_1_18' title='bbox 1594 1870 1685 1908; x_wconf 84' lang='lat' dir='ltr'><strong><em>tum</em></strong></span> <span class='ocrx_word' id='word_1_19' title='bbox 1726 1864 1787 1908; x_wconf 86' lang='lat' dir='ltr'><strong><em>ad</em></strong></span> <span class='ocrx_word' id='word_1_20' title='bbox 1827 1870 2001 1918; x_wconf 84' lang='lat' dir='ltr'><strong><em>caetera,</em></strong></span> <span class='ocrx_word' id='word_1_21' title='bbox 2041 1879 2136 1923; x_wconf 82' lang='lat' dir='ltr'><strong><em>quae</em></strong></span> 
     </span>
     <span class='ocr_line' id='line_1_4' title="bbox 391 1930 1111 1994; baseline 0.007 -20"><span class='ocrx_word' id='word_1_22' title='bbox 391 1930 561 1976; x_wconf 80' lang='lat' dir='ltr'><strong><em>militiae</em></strong></span> <span class='ocrx_word' id='word_1_23' title='bbox 582 1938 686 1976; x_wconf 82' lang='lat' dir='ltr'><strong><em>sunt</em></strong></span> <span class='ocrx_word' id='word_1_24' title='bbox 706 1934 891 1978; x_wconf 70' lang='lat' dir='ltr'><strong><em>maxime</em></strong></span> <span class='ocrx_word' id='word_1_25' title='bbox 902 1936 1111 1994; x_wconf 80' lang='lat' dir='ltr'><strong><em>propria.</em></strong></span> 
     </span>
    </p>
   </div>
   <div class='ocr_carea' id='block_1_4' title="bbox 326 2121 2145 3590">
    <p class='ocr_par' dir='ltr' id='par_1_4' title="bbox 326 2121 2145 3590">
     <span class='ocr_line' id='line_1_5' title="bbox 513 2121 2136 2206; baseline 0.004 -24"><span class='ocrx_word' id='word_1_26' title='bbox 513 2121 793 2183; x_wconf 82' lang='lat' dir='ltr'>AGNA</span> <span class='ocrx_word' id='word_1_27' title='bbox 869 2127 1176 2186; x_wconf 86' lang='lat' dir='ltr'><strong><em>veteribus</em></strong></span> <span class='ocrx_word' id='word_1_28' title='bbox 1256 2129 1459 2206; x_wconf 89' lang='lat' dir='ltr'><strong><em>opinio</em></strong></span> <span class='ocrx_word' id='word_1_29' title='bbox 1541 2128 1681 2198; x_wconf 89' lang='lat' dir='ltr'><strong><em>fuit,</em></strong></span> <span class='ocrx_word' id='word_1_30' title='bbox 1755 2127 2136 2201; x_wconf 74' lang='lat' dir='ltr'><strong><em>Academici,</em></strong></span> 
     </span>
     <span class='ocr_line' id='line_1_6' title="bbox 585 2223 2134 2296; baseline 0.003 -14"><span class='ocrx_word' id='word_1_31' title='bbox 585 2223 853 2283; x_wconf 79' lang='lat' dir='ltr'><strong><em>Homero</em></strong></span> <span class='ocrx_word' id='word_1_32' title='bbox 914 2245 1034 2284; x_wconf 92' lang='lat' dir='ltr'><strong><em>non</em></strong></span> <span class='ocrx_word' id='word_1_33' title='bbox 1091 2224 1354 2286; x_wconf 91' lang='lat' dir='ltr'><strong><em>Poeseos</em></strong></span> <span class='ocrx_word' id='word_1_34' title='bbox 1414 2229 1616 2296; x_wconf 79' lang='lat' dir='ltr'><strong><em>mode,</em></strong></span> <span class='ocrx_word' id='word_1_35' title='bbox 1678 2246 1888 2286; x_wconf 84' lang='lat' dir='ltr'><strong><em>verum</em></strong></span> <span class='ocrx_word' id='word_1_36' title='bbox 1950 2228 2134 2287; x_wconf 87' lang='lat' dir='ltr'><strong><em>etiam</em></strong></span> 
     </span>
     <span class='ocr_line' id='line_1_7' title="bbox 333 2325 2138 2404; baseline 0.001 -23"><span class='ocrx_word' id='word_1_37' title='bbox 333 2325 625 2393; x_wconf 89' lang='lat' dir='ltr'><strong><em>omnium,</em></strong></span> <span class='ocrx_word' id='word_1_38' title='bbox 677 2332 978 2403; x_wconf 81' lang='lat' dir='ltr'><strong><em>quotquot</em></strong></span> <span class='ocrx_word' id='word_1_39' title='bbox 1036 2334 1193 2396; x_wconf 87' lang='lat' dir='ltr'><strong><em>sunt,</em></strong></span> <span class='ocrx_word' id='word_1_40' title='bbox 1255 2327 1477 2385; x_wconf 84' lang='lat' dir='ltr'><strong><em>artium</em></strong></span> <span class='ocrx_word' id='word_1_41' title='bbox 1539 2326 1782 2385; x_wconf 87' lang='lat' dir='ltr'><strong><em>laudem</em></strong></span> <span class='ocrx_word' id='word_1_42' title='bbox 1834 2327 2138 2404; x_wconf 88' lang='lat' dir='ltr'><strong><em>quandam</em></strong></span> 
     </span>
     <span class='ocr_line' id='line_1_8' title="bbox 333 2422 2139 2503; baseline 0.001 -22"><span class='ocrx_word' id='word_1_43' title='bbox 333 2424 623 2482; x_wconf 82' lang='lat' dir='ltr'><strong><em>eximiam</em></strong></span> <span class='ocrx_word' id='word_1_44' title='bbox 656 2422 879 2483; x_wconf 90' lang='lat' dir='ltr'><strong><em>deberi.</em></strong></span> <span class='ocrx_word' id='word_1_45' title='bbox 971 2426 1190 2503; x_wconf 78' lang='lat' dir='ltr'><strong><em>Inepte</em></strong></span> <span class='ocrx_word' id='word_1_46' title='bbox 1221 2426 1469 2503; x_wconf 90' lang='lat' dir='ltr'><strong><em>quidem</em></strong></span> <span class='ocrx_word' id='word_1_47' title='bbox 1500 2425 1587 2484; x_wconf 90' lang='lat' dir='ltr'><strong><em>illi</em></strong></span> <span class='ocrx_word' id='word_1_48' title='bbox 1627 2446 1696 2484; x_wconf 84' lang='lat' dir='ltr'><strong><em>ae</em></strong></span> <span class='ocrx_word' id='word_1_49' title='bbox 1727 2426 1909 2484; x_wconf 88' lang='lat' dir='ltr'><strong><em>nimis</em></strong></span> <span class='ocrx_word' id='word_1_50' title='bbox 1939 2427 2139 2503; x_wconf 89' lang='lat' dir='ltr'><strong><em>pueri-</em></strong></span> 
     </span>
     <span class='ocr_line' id='line_1_9' title="bbox 333 2523 2139 2604; baseline 0.001 -24"><span class='ocrx_word' id='word_1_51' title='bbox 333 2523 504 2581; x_wconf 86' lang='lat' dir='ltr'><strong><em>liter:</em></strong></span> <span class='ocrx_word' id='word_1_52' title='bbox 569 2523 756 2582; x_wconf 85' lang='lat' dir='ltr'><strong><em>habet</em></strong></span> <span class='ocrx_word' id='word_1_53' title='bbox 808 2531 1017 2582; x_wconf 90' lang='lat' dir='ltr'><strong><em>tamen</em></strong></span> <span class='ocrx_word' id='word_1_54' title='bbox 1069 2545 1279 2584; x_wconf 89' lang='lat' dir='ltr'><strong><em>eorum</em></strong></span> <span class='ocrx_word' id='word_1_55' title='bbox 1322 2525 1580 2602; x_wconf 84' lang='lat' dir='ltr'><strong><em>jactatio</em></strong></span> <span class='ocrx_word' id='word_1_56' title='bbox 1634 2525 2139 2604; x_wconf 78' lang='lat' dir='ltr'><strong><em>significationem</em></strong></span> 
     </span>
     <span class='ocr_line' id='line_1_10' title="bbox 332 2622 2140 2703; baseline 0.001 -23"><span class='ocrx_word' id='word_1_57' title='bbox 332 2622 597 2701; x_wconf 86' lang='lat' dir='ltr'>aliquam</span> <span class='ocrx_word' id='word_1_58' title='bbox 643 2643 763 2682; x_wconf 91' lang='lat' dir='ltr'><strong><em>non</em></strong></span> <span class='ocrx_word' id='word_1_59' title='bbox 819 2623 1065 2683; x_wconf 89' lang='lat' dir='ltr'><strong><em>dubiam</em></strong></span> <span class='ocrx_word' id='word_1_60' title='bbox 1119 2645 1318 2702; x_wconf 90' lang='lat' dir='ltr'><strong><em>neque</em></strong></span> <span class='ocrx_word' id='word_1_61' title='bbox 1370 2623 1670 2694; x_wconf 85' lang='lat' dir='ltr'><strong><em>inutilem,</em></strong></span> <span class='ocrx_word' id='word_1_62' title='bbox 1718 2625 1904 2702; x_wconf 90' lang='lat' dir='ltr'><strong><em>siquis</em></strong></span> <span class='ocrx_word' id='word_1_63' title='bbox 1957 2624 2140 2703; x_wconf 85' lang='lat' dir='ltr'><strong><em>digne</em></strong></span> 
     </span>
     <span class='ocr_line' id='line_1_11' title="bbox 335 2723 2139 2784; baseline -0.001 -3"><span class='ocrx_word' id='word_1_64' title='bbox 335 2723 632 2782; x_wconf 77' lang='lat' dir='ltr'><strong><em>aestimare</em></strong></span> <span class='ocrx_word' id='word_1_65' title='bbox 702 2724 850 2782; x_wconf 89' lang='lat' dir='ltr'><strong><em>velit</em></strong></span> <span class='ocrx_word' id='word_1_66' title='bbox 915 2733 1051 2782; x_wconf 87' lang='lat' dir='ltr'><strong><em>tum</em></strong></span> <span class='ocrx_word' id='word_1_67' title='bbox 1126 2726 1270 2784; x_wconf 87' lang='lat' dir='ltr'><strong><em>artis</em></strong></span> <span class='ocrx_word' id='word_1_68' title='bbox 1336 2732 1471 2783; x_wconf 91' lang='lat' dir='ltr'><strong><em>tum</em></strong></span> <span class='ocrx_word' id='word_1_69' title='bbox 1539 2723 1787 2782; x_wconf 81' lang='lat' dir='ltr'><strong><em>artificis</em></strong></span> <span class='ocrx_word' id='word_1_70' title='bbox 1853 2723 2139 2782; x_wconf 89' lang='lat' dir='ltr'><strong><em>indolem.</em></strong></span> 
     </span>
     <span class='ocr_line' id='line_1_12' title="bbox 335 2817 2142 2902; baseline 0 -21"><span class='ocrx_word' id='word_1_71' title='bbox 335 2822 785 2882; x_wconf 85' lang='lat' dir='ltr'><strong><em>Intellexerunt</em></strong></span> <span class='ocrx_word' id='word_1_72' title='bbox 829 2824 1134 2894; x_wconf 85' lang='lat' dir='ltr'><strong><em>videlieet,</em></strong></span> <span class='ocrx_word' id='word_1_73' title='bbox 1180 2826 1268 2884; x_wconf 89' lang='lat' dir='ltr'><strong><em>ita</em></strong></span> <span class='ocrx_word' id='word_1_74' title='bbox 1317 2844 1458 2883; x_wconf 89' lang='lat' dir='ltr'><strong><em>eum</em></strong></span> <span class='ocrx_word' id='word_1_75' title='bbox 1506 2817 1710 2882; x_wconf 79' lang='lat' dir='ltr'><strong><em>omnia</em></strong></span> <span class='ocrx_word' id='word_1_76' title='bbox 1754 2832 2024 2902; x_wconf 86' lang='lat' dir='ltr'><strong><em>tangere,</em></strong></span> <span class='ocrx_word' id='word_1_77' title='bbox 2070 2831 2142 2881; x_wconf 93' lang='lat' dir='ltr'><strong><em>ut</em></strong></span> 
     </span>
     <span class='ocr_line' id='line_1_13' title="bbox 334 2922 2144 2993; baseline 0.001 -14"><span class='ocrx_word' id='word_1_78' title='bbox 334 2942 457 2981; x_wconf 91' lang='lat' dir='ltr'><strong><em>non</em></strong></span> <span class='ocrx_word' id='word_1_79' title='bbox 501 2923 565 2980; x_wconf 92' lang='lat' dir='ltr'><strong><em>in</em></strong></span> <span class='ocrx_word' id='word_1_80' title='bbox 607 2922 805 2981; x_wconf 90' lang='lat' dir='ltr'><strong><em>alieno</em></strong></span> <span class='ocrx_word' id='word_1_81' title='bbox 849 2926 1068 2983; x_wconf 88' lang='lat' dir='ltr'><strong><em>versari</em></strong></span> <span class='ocrx_word' id='word_1_82' title='bbox 1110 2924 1406 2993; x_wconf 87' lang='lat' dir='ltr'><strong><em>videatur,</em></strong></span> <span class='ocrx_word' id='word_1_83' title='bbox 1449 2923 1555 2982; x_wconf 90' lang='lat' dir='ltr'><strong><em>sed</em></strong></span> <span class='ocrx_word' id='word_1_84' title='bbox 1596 2924 1671 2982; x_wconf 90' lang='lat' dir='ltr'><strong><em>ad</em></strong></span> <span class='ocrx_word' id='word_1_85' title='bbox 1720 2942 1890 2981; x_wconf 92' lang='lat' dir='ltr'><strong><em>suam</em></strong></span> <span class='ocrx_word' id='word_1_86' title='bbox 1931 2922 2144 2980; x_wconf 88' lang='lat' dir='ltr'><strong><em>volun-</em></strong></span> 
     </span>
     <span class='ocr_line' id='line_1_14' title="bbox 336 3020 2145 3100; baseline 0 -21"><span class='ocrx_word' id='word_1_87' title='bbox 336 3028 530 3079; x_wconf 87' lang='lat' dir='ltr'><strong><em>tatem</em></strong></span> <span class='ocrx_word' id='word_1_88' title='bbox 578 3023 821 3099; x_wconf 91' lang='lat' dir='ltr'><strong><em>propria</em></strong></span> <span class='ocrx_word' id='word_1_89' title='bbox 867 3028 1132 3080; x_wconf 80' lang='lat' dir='ltr'><strong><em>tractare</em></strong></span> <span class='ocrx_word' id='word_1_90' title='bbox 1173 3030 1237 3080; x_wconf 90' lang='lat' dir='ltr'><strong><em>et</em></strong></span> <span class='ocrx_word' id='word_1_91' title='bbox 1284 3023 1530 3100; x_wconf 83' lang='lat' dir='ltr'><strong><em>fingere.</em></strong></span> <span class='ocrx_word' id='word_1_92' title='bbox 1619 3020 1817 3099; x_wconf 90' lang='lat' dir='ltr'><strong><em>Atqui</em></strong></span> <span class='ocrx_word' id='word_1_93' title='bbox 1865 3021 1979 3080; x_wconf 85' lang='lat' dir='ltr'><strong><em>hac</em></strong></span> <span class='ocrx_word' id='word_1_94' title='bbox 2022 3041 2145 3079; x_wconf 91' lang='lat' dir='ltr'><strong><em>una</em></strong></span> 
     </span>
     <span class='ocr_line' id='line_1_15' title="bbox 336 3120 2143 3190; baseline 0.001 -13"><span class='ocrx_word' id='word_1_95' title='bbox 336 3140 402 3178; x_wconf 91' lang='lat' dir='ltr'><strong><em>re</em></strong></span> <span class='ocrx_word' id='word_1_96' title='bbox 462 3140 762 3179; x_wconf 89' lang='lat' dir='ltr'><strong><em>summam</em></strong></span> <span class='ocrx_word' id='word_1_97' title='bbox 825 3120 1090 3179; x_wconf 84' lang='lat' dir='ltr'><strong><em>Poetieae</em></strong></span> <span class='ocrx_word' id='word_1_98' title='bbox 1158 3121 1304 3180; x_wconf 89' lang='lat' dir='ltr'><strong><em>artis</em></strong></span> <span class='ocrx_word' id='word_1_99' title='bbox 1369 3121 1686 3190; x_wconf 84' lang='lat' dir='ltr'><strong><em>contineri,</em></strong></span> <span class='ocrx_word' id='word_1_100' title='bbox 1745 3120 1918 3178; x_wconf 91' lang='lat' dir='ltr'><strong><em>nobis</em></strong></span> <span class='ocrx_word' id='word_1_101' title='bbox 1978 3127 2143 3179; x_wconf 82' lang='lat' dir='ltr'><strong><em>certe</em></strong></span> 
     </span>
     <span class='ocr_line' id='line_1_16' title="bbox 326 3219 2142 3296; baseline 0 -19"><span class='ocrx_word' id='word_1_102' title='bbox 326 3219 698 3296; x_wconf 88' lang='lat' dir='ltr'><strong><em>jampridem</em></strong></span> <span class='ocrx_word' id='word_1_103' title='bbox 739 3226 833 3277; x_wconf 93' lang='lat' dir='ltr'><strong><em>est</em></strong></span> <span class='ocrx_word' id='word_1_104' title='bbox 875 3220 1087 3277; x_wconf 91' lang='lat' dir='ltr'><strong><em>visum.</em></strong></span> <span class='ocrx_word' id='word_1_105' title='bbox 1181 3219 1512 3288; x_wconf 90' lang='lat' dir='ltr'><strong><em>Nimirum,</em></strong></span> <span class='ocrx_word' id='word_1_106' title='bbox 1546 3238 1695 3295; x_wconf 93' lang='lat' dir='ltr'><strong><em>quos</em></strong></span> <span class='ocrx_word' id='word_1_107' title='bbox 1736 3238 1877 3277; x_wconf 88' lang='lat' dir='ltr'><strong><em>vere</em></strong></span> <span class='ocrx_word' id='word_1_108' title='bbox 1920 3219 2142 3277; x_wconf 89' lang='lat' dir='ltr'><strong><em>Poetas</em></strong></span> 
     </span>
     <span class='ocr_line' id='line_1_17' title="bbox 338 3317 2142 3396; baseline 0 -21"><span class='ocrx_word' id='word_1_109' title='bbox 338 3317 622 3395; x_wconf 84' lang='lat' dir='ltr'><strong><em>appelles,</em></strong></span> <span class='ocrx_word' id='word_1_110' title='bbox 676 3319 719 3375; x_wconf 89' lang='lat' dir='ltr'><strong><em>ii</em></strong></span> <span class='ocrx_word' id='word_1_111' title='bbox 770 3339 892 3375; x_wconf 89' lang='lat' dir='ltr'><strong><em>non</em></strong></span> <span class='ocrx_word' id='word_1_112' title='bbox 944 3318 1058 3376; x_wconf 81' lang='lat' dir='ltr'><strong><em>hac</em></strong></span> <span class='ocrx_word' id='word_1_113' title='bbox 1106 3328 1213 3376; x_wconf 91' lang='lat' dir='ltr'><strong><em>aut</em></strong></span> <span class='ocrx_word' id='word_1_114' title='bbox 1265 3318 1370 3376; x_wconf 92' lang='lat' dir='ltr'><strong><em>illa</em></strong></span> <span class='ocrx_word' id='word_1_115' title='bbox 1421 3319 1669 3396; x_wconf 83' lang='lat' dir='ltr'><strong><em>regione</em></strong></span> <span class='ocrx_word' id='word_1_116' title='bbox 1718 3319 2142 3387; x_wconf 85' lang='lat' dir='ltr'><strong><em>terminantur,</em></strong></span> 
     </span>
     <span class='ocr_line' id='line_1_18' title="bbox 338 3414 2142 3495; baseline 0 -22"><span class='ocrx_word' id='word_1_117' title='bbox 338 3416 445 3473; x_wconf 89' lang='lat' dir='ltr'><strong><em>sed</em></strong></span> <span class='ocrx_word' id='word_1_118' title='bbox 493 3436 927 3494; x_wconf 81' lang='lat' dir='ltr'><strong><em>usquequaque</em></strong></span> <span class='ocrx_word' id='word_1_119' title='bbox 978 3416 1103 3475; x_wconf 88' lang='lat' dir='ltr'><strong><em>late</em></strong></span> <span class='ocrx_word' id='word_1_120' title='bbox 1150 3416 1354 3495; x_wconf 86' lang='lat' dir='ltr'><strong><em>vagari</em></strong></span> <span class='ocrx_word' id='word_1_121' title='bbox 1408 3415 1624 3474; x_wconf 85' lang='lat' dir='ltr'><strong><em>solent.</em></strong></span> <span class='ocrx_word' id='word_1_122' title='bbox 1716 3414 1843 3473; x_wconf 85' lang='lat' dir='ltr'><strong><em>Sua</em></strong></span> <span class='ocrx_word' id='word_1_123' title='bbox 1888 3416 2142 3492; x_wconf 89' lang='lat' dir='ltr'><strong><em>quisque</em></strong></span> 
     </span>
     <span class='ocr_line' id='line_1_19' title="bbox 338 3509 2026 3590; baseline 0.001 -23"><span class='ocrx_word' id='word_1_124' title='bbox 338 3509 493 3580; x_wconf 86' lang='lat' dir='ltr'><strong><em>luce,</em></strong></span> <span class='ocrx_word' id='word_1_125' title='bbox 526 3515 647 3571; x_wconf 89' lang='lat' dir='ltr'><strong><em>suis</em></strong></span> <span class='ocrx_word' id='word_1_126' title='bbox 678 3514 980 3572; x_wconf 83' lang='lat' dir='ltr'><strong><em>coloribus</em></strong></span> <span class='ocrx_word' id='word_1_127' title='bbox 1010 3515 1296 3573; x_wconf 89' lang='lat' dir='ltr'><strong><em>imbuunt</em></strong></span> <span class='ocrx_word' id='word_1_128' title='bbox 1326 3521 1510 3590; x_wconf 88' lang='lat' dir='ltr'><strong><em>atque</em></strong></span> <span class='ocrx_word' id='word_1_129' title='bbox 1543 3513 1776 3571; x_wconf 85' lang='lat' dir='ltr'><strong><em>variant</em></strong></span> <span class='ocrx_word' id='word_1_130' title='bbox 1807 3513 2026 3570; x_wconf 89' lang='lat' dir='ltr'><strong><em>omnia.</em></strong></span> 
     </span>
    </p>
   </div>
   <div class='ocr_carea' id='block_1_5' title="bbox 646 3638 1814 3772">
    <p class='ocr_par' dir='ltr' id='par_1_5' title="bbox 646 3638 1814 3772">
     <span class='ocr_line' id='line_1_20' title="bbox 648 3638 1718 3698; baseline -0.001 -16"><span class='ocrx_word' id='word_1_131' title='bbox 648 3638 837 3697; x_wconf 84' lang='lat' dir='ltr'><strong><em>Largior</em></strong></span> <span class='ocrx_word' id='word_1_132' title='bbox 857 3639 933 3684; x_wconf 89' lang='lat' dir='ltr'><strong><em>hic</em></strong></span> <span class='ocrx_word' id='word_1_133' title='bbox 955 3655 1139 3698; x_wconf 88' lang='lat' dir='ltr'><strong><em>campos</em></strong></span> <span class='ocrx_word' id='word_1_134' title='bbox 1162 3640 1305 3685; x_wconf 88' lang='lat' dir='ltr'><strong><em>aether</em></strong></span> <span class='ocrx_word' id='word_1_135' title='bbox 1326 3647 1370 3684; x_wconf 87' lang='lat' dir='ltr'><strong><em>et</em></strong></span> <span class='ocrx_word' id='word_1_136' title='bbox 1390 3639 1563 3683; x_wconf 88' lang='lat' dir='ltr'><strong><em>lumine</em></strong></span> <span class='ocrx_word' id='word_1_137' title='bbox 1583 3638 1718 3683; x_wconf 87' lang='lat' dir='ltr'><strong><em>vestit</em></strong></span> 
     </span>
     <span class='ocr_line' id='line_1_21' title="bbox 646 3710 1814 3772; baseline -0.002 -17"><span class='ocrx_word' id='word_1_138' title='bbox 646 3710 898 3769; x_wconf 87' lang='lat' dir='ltr'><strong><em>Purpureo,</em></strong></span> <span class='ocrx_word' id='word_1_139' title='bbox 923 3714 1155 3772; x_wconf 88' lang='lat' dir='ltr'><strong><em>solemque</em></strong></span> <span class='ocrx_word' id='word_1_140' title='bbox 1177 3728 1330 3765; x_wconf 90' lang='lat' dir='ltr'><strong><em>suum,</em></strong></span> <span class='ocrx_word' id='word_1_141' title='bbox 1354 3727 1437 3758; x_wconf 86' lang='lat' dir='ltr'><strong><em>sua</em></strong></span> <span class='ocrx_word' id='word_1_142' title='bbox 1458 3712 1606 3757; x_wconf 83' lang='lat' dir='ltr'><strong><em>sidera</em></strong></span> <span class='ocrx_word' id='word_1_143' title='bbox 1626 3717 1814 3756; x_wconf 76' lang='lat' dir='ltr'><strong><em>norunt,</em></strong></span> 
     </span>
    </p>
   </div>
  </div>
 </body>
</html>
