2320 4126
342 1573 994 1640 PRAELECTIO
1064 1569 1758 1638 DUODECIMA.

185 1951 353 2008 fflyssis
373 1965 540 1995 errores
561 1967 610 1995 ea
639 1954 728 2008 leye
747 1952 996 2009 yubernari,
1013 1956 1062 1994 ut
1081 1951 1219 2006 majus
1239 1950 1285 1992 in
1307 1950 1398 1992 dies
1419 1949 1681 1993 accendatur
1700 1948 1863 2006 patriae
1885 1952 1928 1990 et

235 2024 315 2066 otii
334 2024 430 2081 (sed
448 2026 631 2081 honesti)
655 2024 924 2067 desiderium.
967 2023 1164 2066 Plurima
1192 2022 1239 2064 in
1265 2022 1488 2079 Odysseia,
1514 2022 1760 2079 praesertim
1782 2038 1927 2065 νεκυο-

234 2095 432 2151 μαντείαν
445 2098 580 2148 illam,
595 2097 654 2140 ad
673 2111 763 2140 eam
777 2095 1091 2140 accommodari
1097 2095 1355 2150 formulam.
1402 2093 1620 2150 Odysseiae
1640 2107 1843 2135 summam
1869 2091 1936 2134 ad>

233 2168 472 2211 universum
492 2170 556 2212 rei
576 2169 809 2212 Hellenicae
829 2174 1002 2220 statum,
1025 2167 1283 2223 temporibus
1304 2166 1561 2216 Homericis,
1576 2165 1811 2222 pertinere.

325 2324 373 2381 T
413 2345 531 2382 uno
571 2325 748 2382 verbo
787 2332 1069 2400 repetam,
1108 2324 1473 2390 Academici,
1512 2322 1926 2398 disputationis

366 2430 578 2479 nostrae
609 2423 683 2479 de
715 2421 1015 2497 Odysseia,
1049 2421 1404 2496 jamdudum
1434 2420 1738 2486 institutae,
1770 2438 1928 2475 sum-

176 2535 272 2574 ma
318 2518 433 2575 huc
485 2519 771 2586 redierat3
837 2526 906 2575 ut
949 2519 1010 2574 in
1055 2518 1255 2574 divino
1306 2518 1565 2574 carmine
1617 2535 1813 2572 coram
1863 2534 1925 2572 se

177 2633 414 2671 cernere
456 2622 694 2690 putaret
733 2615 943 2689 aliquis
981 2615 1276 2690 quoddam
1318 2615 1482 2689 quasi
1528 2612 1924 2692 naviyantium

175 2708 317 2774 ἦθος.
405 2709 587 2785 Cujus
632 2710 869 2784 quidem
912 2709 1126 2765 indolis
1171 2728 1306 2765 cum
1351 2708 1498 2765 illud
1545 2710 1620 2765 sit
1664 2709 1925 2766 maxime

176 2807 494 2881 proprium,
545 2814 614 2862 ut
659 2806 820 2862 miris
870 2804 1060 2861 modis
1111 2806 1268 2862 inter
1318 2824 1380 2862 se
1431 2811 1728 2881 temperet
1785 2805 1923 2862 hinc

176 2901 363 2959 laudis
393 2911 455 2958 et
483 2902 688 2978 gloriae
724 2902 902 2968 sitim,
933 2901 1096 2958 illinc
1128 2902 1483 2958 desiderium
1526 2902 1633 2958 soli
1673 2902 1923 2970 natalis3

176 3017 351 3055 nemo
381 3019 499 3055 non
529 3000 691 3055 videt
720 3017 850 3055 eam
882 2998 1216 3055 felicissime
1247 3017 1570 3075 congruere
1595 3000 1922 3055 senescenti

167 3095 293 3169 jam
323 3096 417 3152 vel
459 3096 622 3153 heroi
667 3095 762 3152 vel
805 3095 1025 3152 heroici
1070 3097 1344 3162 carminis
1386 3097 1697 3152 inventori.
1784 3095 1922 3152 Jam

177 3198 375 3248 autem
435 3193 509 3249 ad
567 3212 697 3250 eam
750 3192 1159 3249 declarandam
1218 3193 1359 3248 satis
1416 3200 1555 3267 apta
1612 3193 1925 3249 videbatur

176 3290 358 3345 totius
389 3288 623 3365 Ulyssei
664 3308 864 3345 cursus
908 3290 1074 3356 rati0,
1106 3289 1488 3345 monstrantis
1531 3289 1707 3345 aliam
1750 3308 1924 3363 super

178 3383 291 3440 alia
319 3384 505 3440 civilis
535 3385 668 3440 vitae
704 3393 764 3441 et
809 3386 915 3441 otii
945 3386 1211 3441 formam.
1303 3384 1442 3441 Sive
1485 3386 1644 3441 enim
1691 3391 1921 3460 spectes

179 3479 490 3536 mollitiem
520 3481 690 3538 istam
727 3482 1230 3557 Lotophagorum,
1261 3500 1365 3537 seu
1395 3482 1716 3556 pastorales
1749 3481 1921 3556 Poly-

181 3575 376 3649 phemi
408 3594 563 3650 opeS,
595 3578 715 3633 sive
740 3574 987 3634 AEolum
1015 3578 1174 3632 domi
1199 3577 1556 3651 epulantem,
1582 3597 1684 3633 seu
1709 3577 1917 3633 Circen
