2320 4126
244 237 416 284 PRAELJ
433 248 582 282 xvn1.
620 246 774 299 neque
800 230 936 282 Fato
960 229 1106 299 apud
1125 246 1238 283 eum
1258 228 1534 298 yuberozari
1556 229 1742 283 omnia.
1890 232 1998 283 315

241 374 504 441 tior-ibus,
546 373 744 449 magni
796 391 935 429 sane
981 371 1236 433 nominis
1282 376 1587 437 auctores;
1649 368 1862 443 quibus
1906 376 1998 426 est

244 471 431 525 visum
465 468 816 525 Graecanicae
851 467 1172 543 Tragoediae
1210 484 1503 527 summam
1549 466 1608 520 in
1660 483 1731 521 eo
1767 466 2000 539 potissi-

243 583 407 620 mum
443 565 778 630 consistere,
810 565 968 638 quod
1007 569 1258 639 agantur
1299 561 1497 618 onmia
1538 559 1703 618 fatali
1745 559 1998 633 quadam

243 660 610 733 necessit-ate,
657 678 774 734 qua
819 666 1102 733 tanquam
1157 657 1336 716 velati
1386 656 1656 713 homines
1708 656 1999 712 ducantur

242 755 303 811 in
334 755 645 811 obscurum
677 755 927 810 exitium
953 773 1055 822 ;-—

481 872 624 920 Quale
644 887 721 930 per
741 873 954 918 incertam
978 873 1150 919 Lunam
1173 872 1258 917 sub
1278 873 1378 918 luce
1397 871 1594 930 maligna

481 944 566 989 Est
586 945 670 988 iter
690 945 737 988 in
758 946 911 1003 sylviS,
932 945 1012 991 ubi
1033 946 1192 989 caelum
1215 944 1414 988 condidit
1433 944 1596 988 umbra

478 1016 670 1073 Jupiter,
692 1024 734 1060 et
754 1017 889 1061 rebus
911 1032 1001 1061 nox
1022 1016 1206 1061 abstulit
1226 1023 1321 1060 atra
1340 1017 1549 1060 colorem.

245 1116 474 1192 Itaque,
521 1136 595 1174 ex
643 1118 752 1174 hac
797 1117 1066 1186 formula,
1122 1117 1443 1194 Tragoediae
1489 1117 1574 1173 vis
1617 1117 1886 1174 universa
1931 1136 1999 1174 ac

245 1219 521 1270 venustas
567 1233 684 1270 una
716 1214 827 1271 hac
857 1214 1118 1270 maxime
1158 1231 1221 1269 re
1261 1213 1691 1280 continebatur,
1725 1212 2000 1270 videlicet

245 1316 312 1366 ut
344 1310 436 1366 via
465 1311 729 1384 quamvis
758 1311 984 1367 incerta
1013 1329 1261 1386 quaeque
1298 1329 1389 1367 res
1418 1311 1691 1366 tenderet
1721 1310 1794 1366 ad
1826 1328 2002 1365 even-

246 1413 375 1462 tum
424 1407 666 1463 minime
714 1407 979 1463 dubium.
1091 1406 1467 1481 Expectabat
1514 1407 1833 1473 theatrum,
1882 1426 2000 1462 non

245 1503 385 1578 quid
426 1510 668 1579 agerent
707 1503 813 1571 illi,
859 1522 1004 1578 quos
1050 1503 1110 1559 in
1164 1522 1400 1560 scenam
1435 1503 1755 1579 placuisset
1800 1503 2000 1560 induci

245 1618 479 1674 quoque
528 1607 829 1675 tempore:
892 1600 995 1658 sed
1045 1600 1245 1675 potius
1287 1618 1405 1674 quo
1457 1618 1796 1674 processura
1847 1607 2002 1656 esset

246 1714 407 1752 coeca
435 1701 497 1751 et
526 1695 747 1752 invicta
778 1695 1096 1753 Parcarum
1127 1695 1234 1753 vis.

327 1791 535 1866 Atque
564 1799 632 1848 ut
658 1792 999 1860 concedam,
1028 1811 1214 1868 genus
1243 1793 1305 1849 id
1335 1811 1511 1850 omne
1541 1791 1722 1849 velari
1754 1792 2002 1850 obscuro

247 1890 501 1962 quodam
547 1887 802 1955 horrore,
848 1889 1093 1945 minime
1134 1890 1208 1946 ab
1252 1889 1343 1946 his
1389 1888 1586 1946 Musis
1636 1889 1867 1958 alieno;
1918 1889 2004 1946 ita

246 1985 718 2042 constantissime
776 1986 1114 2062 negandum
1172 1986 1440 2053 arbitror,
1506 1985 1853 2062 AEschylum
1925 2004 2001 2042 ex

246 2099 450 2137 eorum
487 2080 665 2137 fuisse
696 2080 933 2148 familia,
975 2081 1074 2155 qui
1105 2087 1319 2155 putent
1350 2079 1602 2137 caeleste·
1621 2078 1868 2135 Numen
1898 2097 2004 2153 per

247 2177 333 2233 fas
363 2184 425 2233 et
459 2176 622 2233 nefas
662 2195 836 2253 agere
880 2196 1018 2233 cum
1054 2176 1408 2233 hominibus,
1496 2173 1829 2232 Audiamus
1861 2174 2004 2230 Pro-

247 2273 502 2340 methea,
562 2292 678 2347 qua
734 2273 783 2329 is
840 2274 1069 2330 ratione
1121 2290 1413 2329 summam
1470 2271 1650 2347 hujus
1716 2271 2003 2327 doctrinae

248 2369 523 2445 explicet.
638 2368 961 2443 Postquam
1014 2369 1173 2425 enim
1219 2387 1338 2424 non
1390 2368 1591 2442 paucis
1648 2373 2001 2433 narraverat,

248 2485 398 2540 quae,
451 2472 687 2541 quanta,
739 2484 916 2540 quam
967 2465 1271 2540 ingeniosa
1321 2463 1717 2539 excogitasset
1766 2464 1891 2537 ipse
1941 2463 2004 2518 in

247 2562 584 2618 mortalium
635 2561 920 2637 gratiam3
981 2567 1160 2637 negat
1211 2568 1431 2627 tamen,
1475 2566 1542 2615 ut
1593 2558 1792 2615 decuit
1838 2560 2003 2633 pium

248 2658 531 2724 animum,
562 2657 623 2712 in
653 2657 833 2731 ipsius
857 2675 960 2713 seu
990 2657 1226 2732 ingenio
1257 2656 1380 2712 sive
1405 2654 1624 2711 viribus
1654 2655 1834 2710 situm
1861 2672 2003 2721 esse,

249 2761 318 2810 ut
358 2772 434 2810 ex
473 2752 708 2809 vinculo
748 2753 990 2808 tandem
1042 2759 1104 2808 et
1151 2770 1382 2809 carcere
1422 2769 1656 2826 prorsus
1702 2750 2003 2806 liberetur.

251 2849 434 2925 Spem
463 2850 680 2906 bonam
704 2854 1039 2923 susceperat
1062 2847 1291 2905 Chorus
1316 2846 1749 2923 Nympharum,
1781 2847 1904 2903 fore
1934 2852 2004 2903 ut

251 2945 318 3011 is,
371 2945 471 3021 qui
522 2951 644 3001 tam
697 2951 871 3001 acute
921 2944 1123 3019 generi
1178 2943 1488 3000 hominum
1538 2942 1829 2999 laboranti
1873 2960 2035 3016 pro->

253 3049 545 3115 spexerat,
585 3059 647 3097 se
680 3058 914 3116 quoque
957 3058 1063 3097 suo
1093 3046 1360 3115 tempore
1401 3039 1710 3115 expediret
1746 3056 1779 3094 e
1819 3038 2007 3094 duris-

252 3136 401 3192 sima
429 3132 646 3194 sortek.

604 3235 661 3292 μὴ
684 3238 756 3281 νῦν
774 3235 962 3293 βροτοὺς
981 3235 1058 3291 μὲν
1079 3235 1243 3293 ὠφέλει
1264 3237 1412 3290 καιροῦ
1432 3234 1558 3290 πέρα,

606 3307 769 3351 σαῦτὸν
790 3305 829 3350 δ’
850 3305 996 3362 ἀκήδει
1017 3307 1349 3362 δυστυχοῦντος·
1373 3305 1429 3350 ὣς
1449 3305 1534 3363 ἐγώ

606 3377 782 3423 εὗέλπίς
802 3378 886 3435 εἶμι
906 3378 1040 3422 τῶνδέ
1060 3376 1102 3422 ‹r’
1125 3377 1171 3420 ἐκ
1191 3377 1363 3431 δεσμῶν
1383 3376 1447 3421 ἔτί

607 3447 804 3502 motura,
825 3450 956 3507 μηδὲν
975 3451 1101 3505 μεῖον
1115 3448 1317 3506 ἰσχύσειν
1338 3449 1454 3494 Δίος.

963 3555 981 3580 k
1013 3556 1159 3599 Prom.
1183 3555 1284 3612 516.
