2320 4126
325 1049 797 1130 ORATIO
888 1053 1568 1132 INAUGURA
1590 1055 1833 1139 LIS;

1023 1283 1141 1313 SIVE

617 1452 817 1509 PRAE
836 1452 1175 1510 LECTIO
1238 1453 1563 1509 PRIMA.

205 1928 444 1984 Dis-putato
457 1928 586 1984 pm'us
608 1928 740 1982 (inter
761 1929 870 1982 alia)
893 1942 970 1970 cur
989 1928 1036 1970 in
1057 1929 1138 1971 kae
1158 1928 1336 1971 materie
1354 1934 1516 1971 veteres
1536 1929 1745 1984 Latinam
1770 1931 1959 1986 linquam

258 2000 420 2055 patriae
443 2005 558 2041 recte
573 2000 866 2055 praetulerint,
888 1999 1090 2054 definitur
1111 2000 1262 2042 Poesis
1291 2015 1376 2042 non
1403 2015 1426 2042 e
1453 2015 1607 2056 yenere
1626 2006 1667 2044 et
1696 2001 1957 2057 differentia,

263 2070 342 2113 sed
359 2085 380 2112 e
393 2071 665 2126 proprietate
689 2071 872 2127 quadam
892 2086 972 2114 sua
986 2092 999 2114 .·
1030 2071 1242 2123 videlicet,
1266 2071 1381 2128 quod
1405 2085 1469 2123 ea,
1491 2073 1612 2115 salvo
1624 2071 1807 2128 pudore,
1828 2078 1957 2114 aestu-

264 2148 386 2185 antes
407 2142 618 2185 hominum
638 2143 819 2198 affectus
840 2143 993 2199 efferat
1014 2157 1066 2186 ac
1086 2143 1235 2187 leniat.

359 2323 560 2381 UUM
600 2326 675 2382 ad
715 2325 826 2382 hoc
867 2344 1082 2383 munus
1123 2327 1463 2384 obeundum
1501 2328 1609 2383 viri
1646 2327 1787 2384 olim
1819 2347 1955 2384 vere

399 2418 616 2485 diserti,
653 2418 977 2476 abundanti
1019 2420 1158 2484 oti0‚
1194 2421 1533 2477 recentibus
1572 2422 1799 2486 studiis,
1835 2440 1954 2477 non

199 2516 326 2572 sine
362 2514 523 2590 gravi
563 2514 780 2570 mentis
817 2516 1260 2589 perturbatione
1306 2516 1495 2591 primo
1534 2535 1597 2573 se
1641 2517 1952 2573 accessisse

200 2610 687 2666 memoraverint:
750 2628 866 2683 quo
924 2612 1166 2667 tandem
1218 2612 1415 2667 animo
1466 2612 1515 2667 is
1570 2630 1697 2668 esse
1754 2611 1951 2679 debet,

199 2723 375 2778 quem
435 2705 571 2760 vitae
618 2705 744 2778 jam
804 2706 1057 2779 negotiis
1115 2706 1470 2779 implicitum
1529 2714 1809 2780 tanquam
1875 2707 1950 2762 ab

198 2799 324 2854 acie
373 2800 434 2854 in
482 2798 816 2872 palaestram
870 2817 1144 2855 revocare
1184 2799 1366 2863 vobis,
1408 2797 1773 2865 Academici,
1824 2799 1949 2875 pla-

197 2892 367 2949 cuit?
455 2892 621 2948 Bene
666 2891 891 2947 scilicet
932 2893 1005 2948 de
1050 2892 1215 2949 vobis
1259 2894 1471 2948 mereri
1514 2900 1791 2949 aventem
1822 2895 1948 2970 dig-

196 2987 322 3043 nati
358 2988 499 3044 estis
538 2987 696 3045 ultro
738 2988 1037 3062 accipere:
1091 2989 1292 3063 itaque
1328 3008 1441 3054 me,
1480 2991 1707 3064 siquem
1743 2991 1944 3056 alium,

193 3084 554 3158 sempiterno
606 3083 760 3159 grati
825 3084 1007 3142 animi
1065 3084 1300 3140 vinculo
1347 3084 1542 3140 Almae
1596 3083 1783 3141 Matri
1844 3086 1946 3142 ad-

143 3212 152 3220 ·
192 3178 418 3234 dictum
455 3179 752 3236 tenebitis.
841 3179 970 3237 Vos
1005 3180 1247 3254 quidem
1289 3199 1394 3254 pro
1437 3186 1632 3236 vestra
1671 3180 1942 3237 humani-

191 3277 350 3329 tate:
408 3273 553 3328 mihi
599 3292 724 3329 rem
769 3274 1008 3348 propius
1053 3274 1330 3339 intuenti,
1375 3279 1444 3329 ut
1487 3291 1692 3329 verum
1737 3273 1939 3340 fatear,

190 3367 504 3441 saepissime
549 3369 822 3436 occurrit,
869 3388 944 3425 an
988 3368 1347 3443 amplissimo
1387 3368 1525 3424 huic
1570 3368 1719 3436 loc0,
1760 3378 1939 3442 atque

186 3461 552 3518 incremento
599 3463 885 3519 bonarum
934 3464 1168 3529 artium,
1216 3482 1337 3519 non
1378 3464 1518 3519 satis
1564 3463 1717 3519 bene
1757 3464 1935 3519 fuerit

183 3575 220 3611 a
250 3557 412 3614 vobis
443 3558 802 3615 consultum.

1096 3670 1133 3707 B
