2320 4126
225 268 379 308 PRAEL.
400 267 530 306 xv‘n.
578 254 855 322 AEsehylus
879 247 1093 305 Homero
1118 247 1477 322 quodammodo
1502 253 1714 304 tardior.
1871 256 1979 308 289

222 411 297 456 ex
341 398 605 473 partibus
648 399 874 473 optime
917 399 1073 453 inter
1110 415 1173 452 se
1213 396 1559 452 convenisse
1598 396 1797 452 nobile
1829 395 1979 453 Poe-

212 501 415 550 tarum
459 508 595 568 par:
641 513 715 550 ne
756 494 1097 550 dubitemus
1127 487 1474 567 AEschylum
1518 487 1714 547 dicere
1743 491 1981 567 Tragoe-

221 589 430 644 dorum
474 590 816 646 Atticorum
864 587 1338 665 Ὁμηρικώτατον.
1444 585 1590 643 Haec
1642 594 1843 643 tamen
1896 588 1982 643 ita

223 684 399 740 velim
443 686 647 759 accipi,
685 692 754 740 ut
797 684 1118 758 discipulus
1162 698 1279 739 non
1317 692 1439 739 tam
1474 682 1645 738 vultu
1688 690 1980 758 gestuque

221 798 396 854 quam
429 780 638 836 intimo
667 781 923 855 quodam
957 795 1129 836 sensu
1166 780 1512 854 magistrum
1555 779 1788 845 referat,
1820 780 1981 835 ideo-

222 895 337 950 que
394 876 605 933 leviter
653 876 1026 932 intuentibus
1084 894 1203 930 non
1261 876 1410 931 adeo
1468 874 1674 931 similis
1728 874 1979 931 Homeri

223 972 508 1028 videatur.
598 971 1066 1028 Similitudinern
1096 978 1298 1026 autem
1344 989 1475 1026 eam
1507 990 1682 1044 quam
1725 971 1880 1027 inter
1920 990 1981 1027 se

222 1067 444 1125 habent
485 1068 698 1124 melius
736 1066 983 1123 fortasse
1026 1065 1445 1141 intelligemUS,
1486 1066 1533 1122 si
1579 1062 1737 1140 prius
1781 1069 1981 1141 paucis

223 1183 566 1239 exposuerO,
638 1182 768 1238 quae
838 1163 958 1219 sint
1030 1180 1234 1218 eorum
1308 1162 1619 1236 praecipuae
1687 1161 1983 1218 dissimili-

225 1262 477 1317 tudines.

310 1356 577 1413 Dic-imus
616 1350 798 1430 igitur
831 1349 1289 1432 Ὀμηρικῶτατον
1319 1348 1685 1430 AEschylum‚
1716 1374 1834 1410 non
1866 1366 1981 1428 quo

224 1453 552 1510 dictionum
583 1452 818 1509 delectu
865 1459 927 1508 et
972 1470 1114 1508 sono
1157 1453 1396 1526 propius
1433 1451 1535 1507 ille
1564 1471 1741 1526 quam
1785 1451 1980 1506 caeteri

224 1567 428 1605 omnes
465 1548 539 1604 ad
578 1547 968 1604 Homericum
1006 1547 1317 1603 modulum
1362 1548 1709 1603 accesserit:
1757 1547 1981 1602 etenim

223 1643 553 1718 amplitudo
593 1642 695 1700 illa
729 1643 1062 1718 AEschylea,
1093 1643 1297 1717 visque
1337 1650 1400 1699 et
1439 1637 1616 1699 Sonus
1647 1642 1983 1707 verborum,

223 1738 344 1796 alte
403 1740 567 1814 quasi
623 1740 684 1794 in
741 1739 1047 1795 cumulum
1105 1748 1537 1816 congestorum,
1598 1759 1714 1795 non
1774 1757 1981 1814 parum

224 1837 534 1910 discrepat,
594 1835 689 1891 vel
752 1833 982 1892 aurium
1046 1835 1302 1910 ipsarum
1366 1834 1611 1908 judicic,
1677 1836 1752 1890 ab
1816 1837 1985 1909 epica

228 1931 478 1988 Homeri
507 1931 812 1988 celeritate
842 1937 904 1987 et
934 1930 1206 2007 ἐναργείᾳ.
1269 1930 1571 2004 Planeque
1594 1930 1984 2006 intelligimus

225 2027 670 2084 excusationem
711 2027 834 2082 dari
879 2025 1228 2101 legitimam,
1269 2042 1377 2081 cur
1415 2044 1553 2082 eum
1594 2025 1800 2083 luserit
1846 2023 1986 2082 Ari-

226 2123 542 2198 stophanes
572 2123 877 2179 notissimo
909 2117 1223 2187 carmineb,

401 2276 501 2320 ἀλλ’
525 2274 558 2320 ὦ
577 2277 747 2333 πρῶτος
767 2280 852 2320 τῶν
870 2274 1093 2331 Ἑλλήνων
1112 2277 1349 2334 πυργώσας
1368 2275 1536 2333 ῥήματα
1558 2274 1711 2332 σεμνὰ,

401 2350 471 2392 καὶ
490 2349 676 2404 ποίησας
696 2348 897 2406 τραγικὸν
916 2349 1065 2405 λῆρον,
1090 2346 1259 2404 θαῤῥῶν
1280 2348 1355 2391 τὸν
1375 2349 1554 2403 κροῦνον
1573 2346 1713 2403 ἀφίει(

227 2499 362 2568 Quo
413 2499 474 2554 in
525 2498 655 2555 loco
710 2499 947 2554 videtur
989 2497 1136 2553 mihi
1188 2503 1394 2553 notare
1444 2510 1564 2552 non
1615 2491 1807 2552 solum
1858 2514 1981 2553 am-

227 2594 418 2669 pullas
464 2600 527 2651 et
573 2593 887 2668 magnifica
932 2593 1127 2658 verba,
1181 2609 1387 2646 verum
1438 2590 1587 2646 illud
1634 2592 1816 2647 etiam
1862 2610 1981 2646 non

227 2690 403 2766 paulo
449 2688 774 2754 molestius,
821 2686 978 2761 quod
1026 2684 1087 2742 in
1143 2705 1207 2742 re
1259 2703 1491 2760 quaque
1546 2688 1869 2743 enarranda
1921 2694 1982 2743 et

226 2784 576 2860 explicanda
633 2790 942 2857 tantopere
1000 2781 1174 2838 sudet
1220 2778 1533 2857 AEschylus
1590 2801 1658 2838 ac
1715 2782 1981 2849 laboret3

227 2898 345 2935 non
382 2879 597 2934 frustra
631 2876 874 2951 quidem
918 2875 1037 2942 ille,
1075 2876 1178 2932 sed
1223 2875 1452 2932 laborat
1495 2882 1715 2933 tamen.
1803 2876 1979 2944 Quod

227 2981 432 3032 contra
478 2973 792 3036 Homerus,
840 2970 1092 3027 feliciter
1134 2989 1203 3027 ac
1250 2971 1469 3044 rapide,
1515 2990 1632 3046 quo
1680 2970 1827 3037 vult,
1876 2990 1980 3028 sua

226 3069 480 3143 quadam
537 3086 679 3124 aura
736 3066 1013 3134 decurrit,
1067 3065 1419 3142 Virgilianae
1476 3066 1636 3124 illius
1694 3066 1981 3124 columbae

229 3163 402 3239 plane
431 3162 654 3229 similis,
685 3180 814 3237 quae

466 3331 1212 3347 ..........................
1229 3301 1327 3342 aere
1346 3299 1471 3355 lapsa
1492 3299 1641 3357 quieto

464 3372 599 3421 Radit
618 3373 701 3417 iter
719 3373 956 3431 liquidum,
979 3373 1140 3416 celeres
1161 3385 1306 3428 neque
1327 3378 1578 3416 commovet
1597 3372 1704 3415 alas·

939 3536 963 3566 b
995 3536 1111 3580 Ran.
1138 3548 1265 3589 1004.

1081 3626 1123 3665 U
