2320 4126
395 241 503 292 148
776 239 1024 293 Asiatica
1049 239 1287 310 quaedam
1314 239 1462 310 apud
1484 239 1769 293 Homerum
1789 262 1822 291 :-
1957 258 2117 294 PRAEL.
2140 259 2197 293 x,

392 386 602 458 literis,
639 387 775 446 illos
817 389 1064 445 omnino
1099 388 1447 464 judicemus
1492 406 1632 445 cum
1669 393 1887 445 natura
1933 407 2205 464 veroque·

391 488 734 558 convenire,
785 488 1111 564 vivumque
1160 505 1397 545 servare
1447 485 1710 543 heroicae
1770 486 2030 544 nationis
2089 506 2197 544 ex-

390 586 641 663 emplar.

476 684 779 743 Praeterea
823 686 984 761 apud
1028 683 1372 741 Homerum
1409 683 1663 740 fortasse
1704 683 1839 760 plus
1883 683 2191 759 aliquanto

389 802 570 858 quam
601 784 762 860 apud
795 783 942 840 alios
973 781 1291 858 plerosque
1304 781 1522 857 juvare
1553 787 1842 857 poterunt
1874 780 2201 840 Hebraicae.

386 880 602 951 literae,
655 889 976 959 propterea
1029 882 1189 957 quod
1241 880 1347 938 ille
1400 879 1711 939 Asiaticus
1761 881 1897 950 fuit,
1945 881 2195 939 dimidia

387 988 552 1040 certe
612 982 703 1039 sui
763 988 954 1058 parte.
1045 981 1183 1050 Quo
1236 980 1323 1049 fit,
1376 987 1446 1038 ut
1508 981 1669 1057 apud
1721 1001 1864 1040 eum
1915 983 2205 1041 universa·

385 1079 540 1149 coeli,
593 1081 793 1151 maris,
847 1087 1143 1138 terrarum
1197 1079 1381 1137 facies
1440 1079 1512 1137 iis
1571 1080 1839 1138 maxime
1892 1079 2192 1139 coloribus

383 1179 709 1248 imbuatur,
743 1180 846 1256 qui
876 1197 1121 1237 necesse
1154 1185 1246 1236 est
1275 1178 1469 1235 indies
1500 1178 1862 1236 incurrerint
1893 1179 1957 1236 111
1985 1180 2191 1238 0011108

383 1285 625 1338 assueto
695 1277 793 1336 vel
866 1277 1188 1354 campestri
1259 1275 1424 1334 Asiae
1491 1275 1589 1334 vel
1662 1276 1939 1336 litoribus
1999 1278 2190 1356 AEgaei

382 1377 583 1435 maris,

471 1473 759 1553 Exempli
790 1475 924 1534 1000
950 1475 1028 1533 sit
1060 1475 1321 1532 torridus
1344 1473 1448 1532 ille
1471 1473 1734 1542 nimbus,
1756 1493 1878 1532 non
1902 1475 2200 1534 imbrium

383 1575 489 1633 sed
521 1575 735 1634 caloris
766 1576 1040 1643 11111101118,
1074 1575 1178 1650 (1111
1211 1567 1594 1632 Μ31181118Χ
1625 1572 1835 1650 praelio
1860 1574 2190 1633 abeuntem

381 1673 635 1737 mirifice
664 1675 988 1733 adumbrat
1010 1683 1067 1731 a:

624 1797 693 1855 οἵη
717 1797 753 1843 δ’
778 1798 826 1842 ἐκ
847 1796 1018 1857 νεφέων
1041 1796 1246 1855 ἐρεβεννὴ
1270 1797 1475 1856 φαίνεται
1496 1797 1596 1856 ἅηρ,

624 1871 844 1931 καύματος
866 1872 916 1928 ἐξ
937 1870 1115 1929 ἀνέμοιο
1138 1871 1329 1917 δυσάεος
1350 1871 1620 1930 ὀρνυμένοιο,

622 1949 742 1994 τοῖος
762 1945 945 2003 Τυδείδῃ
969 1943 1181 2003 Διομὴδεῖ
1199 1945 1390 2004 χάλκεος
1408 1945 1543 2005 Ἀρὴς

622 2019 809 2080 φαίνετ’,
833 2022 943 2078 ὁμοῦ
967 2019 1211 2078 νεφέεσσιν
1230 2017 1308 2064 ἰ’ων
1329 2019 1391 2066 εἷς
1412 2023 1598 2079 οὕρανον
1619 2020 1761 2079 εὐρύν.

468 2139 695 2208 Etiam,
728 2129 1126 2197 similitudine
1158 2139 1233 2195 de
1270 2158 1439 2196 more
1469 2139 1756 2208 adhibita,
1789 2140 1836 2198 81
1869 2159 2001 2216 (11138
2032 2139 2188 2197 forte

380 2239 746 2298 describenti
776 2237 1133 2306 exciderint,
1159 2257 1290 2313 quae
1315 2239 1499 2295 situm
1523 2246 1865 2297 monstrent
1895 2239 2185 2305 locorum,

380 2359 454 2398 ea
483 2357 723 2416 semper
752 2339 878 2396 fere
910 2336 1221 2396 declarant
1251 2337 1413 2396 haud
1444 2338 1656 2415 procul
1686 2339 1763 2398 ab
1793 2339 1923 2417 ipsa
1952 2339 2186 2398 Troade

379 2440 708 2520 degentem
720 2435 765 2498 b.

622 2545 680 2590 ὣς
701 2542 739 2588 δ’
761 2542 912 2602 ἄνεμοι
934 2541 1013 2587 δύο
1033 2544 1196 2587 πόντον
1217 2542 1413 2606 ὀρίνετον
1434 2543 1681 2601 ἰχθυόεντα,

624 2617 788 2676 Βορέης
810 2618 881 2661 καὶ
903 2616 1119 2675 Ζέφυρος,
1141 2618 1201 2661 τώ
1223 2635 1272 2661 τε
1294 2615 1520 2675 Θρῄκηθεν
1535 2617 1700 2674 ἄητον.
1721 2652 1730 2663 .
1749 2652 1760 2663 ,
1781 2652 1790 2663 .

627 2727 637 2737 .
656 2727 666 2737 .
688 2726 697 2737 .
717 2726 727 2736 .
745 2689 852 2737 ὥστ’
876 2691 1063 2750 ὀρνίθων
1082 2689 1301 2747 πετεὴνων
1322 2691 1450 2736 ἔθνεα
1470 2691 1635 2743 πολλὰ,

619 2765 780 2824 χήνων,
802 2764 827 2822 ἢ
849 2765 1061 2824 γεράνων,
1082 2763 1108 2821 ἢ
1131 2763 1295 2809 κύκνων
1316 2764 1674 2834 δουὶιχοδείρων,

619 2839 761 2900 Ἀσίῳ
782 2839 828 2884 ἐν
847 2839 1045 2897 λείμωνι,
1070 2838 1324 2897 Καΰστρίοι·
1344 2838 1462 2897 ἀμφὶ
1481 2837 1642 2897 ῥέεθρα
1655 2845 1685 2883 ⁶.

467 2957 770 3033 Denique,
810 2957 871 3013 id
914 2958 1074 3033 quod
1117 2955 1408 3014 latissime
1448 2962 1638 3032 patet,
1671 2955 2036 3015 creberrima
2078 2957 2184 3016 illa

379 3057 628 3115 leonum
673 3055 905 3113 mentio
952 3056 1182 3132 optime
1221 3055 1506 3113 convenit
1545 3054 1610 3111 in
1631 3054 1885 3132 Lydum
1915 3055 2192 3132 aliquem·

379 3162 483 3214 aut
523 3155 758 3224 Carem,
790 3155 853 3212 in
896 3153 1227 3212 Hellenem
1262 3154 1463 3212 minus
1499 3155 1674 3211 bene.
1766 3154 1972 3212 Nemo
2017 3156 2180 3213 enim

377 3254 506 3312 ullo
542 3261 836 3330 tempore,
874 3252 1035 3328 quod
1078 3252 1279 3319 sciam,
1317 3251 1593 3309 leonibus
1638 3252 1973 3311 abundasse
2016 3252 2183 3311 (1138-

380 3355 538 3411 013111
571 3353 811 3410 docuit:
859 3350 963 3409 sed
996 3371 1137 3409 cum
1176 3352 1248 3409 iis
1279 3351 1656 3409 familiariter
1696 3371 1760 3410 se
1792 3353 2011 3410 vixisse
2051 3373 2178 3429 prae

380 3470 444 3509 se
475 3451 595 3509 fert
628 3450 837 3508 Iliadis
868 3450 1142 3526 scriptor4

455 3548 563 3607 Ἀ0
615 3548 800 3606 velim
854 3548 1135 3623 equidem
1190 3545 1407 3621 aliquis
1454 3567 1661 3605 eorum
1709 3548 1813 3623 qui
1860 3546 2189 3605 Orientem

606 3666 790 3716 '⁴'11.·v.
815 3671 936 3727 864„
1225 3668 1244 3695 ¹³
1275 3670 1336 3714 ix.
1360 3686 1403 3724 4.
1712 3677 1727 3696 ⁰
1759 3670 1804 3714 ii.
1829 3681 1934 3727 459.>
