2320 4126
366 204 477 256 308
493 201 737 275 AEso'kybi
744 197 1023 270 Pietatem,
1033 201 1378 276 tranquillam
1393 204 1659 276 quomdam
1661 204 1849 276 fuisse.
1868 224 2028 260 PRAEL.
2039 221 2173 260 xvn.
2260 181 2263 184 Ι

669 351 869 404 ἔστειλα,
890 351 1048 397 παιδὸς
1067 350 1204 408 πατρὶ
1224 351 1481 409 πρευμενεῖς
1500 351 1612 409 χοὰς

670 423 881 484 φέρουσ’,
904 424 1017 482 ἅπερ
1039 425 1235 482 νεκροῖσι
1256 422 1548 482 μειλικτηρία.

366 549 507 619 Quo
546 550 611 607 in
653 568 932 608 sermone
963 548 1219 606 verbum
1248 547 1419 617 illud,
1450 555 1778 628 πρευμενεῖς,
1808 547 1901 606 bis
1932 549 2065 625 jam
2110 542 2174 606 in

364 647 478 706 hac
526 667 591 708 re
644 647 995 724 repetitum,
1050 646 1308 721 (etenim
1352 645 1536 723 paulo
1584 653 1727 704 ante
1767 645 2002 705 Chorus
2045 666 2176 705 mo·-

366 753 602 815 nuerat,
651 749 958 826 πρευμενῶς
1003 743 1047 803 δ’
1097 744 1238 803 αἴτω
1293 740 1433 803 τάδε
1487 740 1605 802 Ebu
1656 742 1829 802 πόσιν
1878 745 2171 824 Δαρεῖον),

364 844 619 903 verbum
649 843 803 902 illud
832 851 1161 924 πρευμενεῖς,
1193 843 1457 920 inquam,
1492 844 1722 920 optime
1763 863 1833 902 ac
1864 844 2172 902 verissime

364 942 688 1001 adumbrat
719 942 1177 1021 aggredientem
1208 943 1285 1001 ad
1316 942 1591 1002 caelestes
1613 957 1724 1012 res,
1751 943 1951 1001 animo
1975 962 2172 1018 neque

364 1041 567 1100 servili
598 1061 797 1119 neque
830 1042 986 1101 curis
1018 1042 1280 1111 turbido,
1310 1062 1510 1119 neque
1542 1041 1620 1100 ob
1651 1042 1906 1099 nimium
1936 1048 2172 1099 metum

364 1142 603 1218 dejecto
645 1149 709 1201 et
746 1141 964 1200 anxio:
1026 1142 1201 1219 ponit
1244 1142 1309 1199 in
1351 1147 1684 1219 conspectu
1724 1140 1963 1214 vultum
2012 1147 2172 1198 tran-

364 1240 643 1317 quillum,
674 1240 881 1300 oculos
910 1240 1189 1311 humileS,
1220 1246 1468 1318 pectora
1503 1240 1580 1299 ad
1615 1240 1973 1318 patientiam
2010 1259 2174 1315 com-

363 1341 579 1417 posita.

451 1439 663 1499 Unum
693 1440 913 1499 addam
938 1455 952 1499 't
997 1459 1314 1518 perperam
1346 1440 1592 1498 omnino
1623 1439 1784 1498 visus
1815 1445 1909 1498 est
1939 1453 2173 1497 nonne-

362 1527 536 1598 mini‘
573 1539 894 1618 AEschylus
954 1546 1161 1598 noster
1212 1540 1300 1598 ita
1359 1559 1500 1599 cum
1563 1538 1865 1617 Sophocle
1925 1558 2171 1617 compo-

363 1640 600 1698 nendus
625 1647 689 1698 et
721 1639 1032 1717 Euripide,
1064 1646 1136 1697 ut
1165 1639 1230 1697 in
1261 1640 1405 1698 diris
1435 1646 1621 1717 atque
1663 1640 1727 1696 in
1756 1638 1952 1708 larvis,
1984 1645 2170 1717 atque

362 1737 427 1795 in
455 1738 703 1797 horrore
734 1739 1104 1808 incutiendo,
1137 1738 1275 1817 plus
1306 1739 1544 1798 caeteris
1575 1738 1855 1797 omnibus
1886 1737 2169 1816 polleret}

361 1836 594 1907 infelix,
654 1836 761 1895 ubi
822 1836 1145 1896 dulcedine
1204 1856 1354 1916 opus
1420 1845 1597 1897 esset.
1715 1837 1896 1908 Quod
1961 1845 2171 1896 contra

361 1937 639 1996 videmus
671 1936 768 1996 vel
803 1938 984 1996 unius
1016 1935 1263 1997 Atossae
1295 1937 1598 2015 exemplo,
1629 1936 1781 1996 nihil
1821 1957 1894 1996 eo
1933 1936 2168 1996 dulcius

360 2036 491 2094 fieri
521 2037 811 2114 potuisse,
842 2030 994 2094 nihil
1025 2036 1428 2114 tranquillius·
1519 2032 1642 2097 Sed
1672 2037 1773 2096 hic
1802 2044 1874 2096 ut
1910 2057 2166 2115 semper,

361 2150 540 2192 suum
570 2133 725 2192 illud
767 2121 968 2192 servat
999 2133 1217 2212 vulgus
1256 2134 1575 2194 hominum
1610 2138 1674 2194 in
1713 2137 2167 2215 interpretando

361 2240 570 2292 vetere
631 2231 842 2302 Poeta,
905 2233 1069 2310 quod
1126 2234 1192 2291 in
1238 2234 1571 2310 judicando
1631 2237 1708 2294 de
1776 2235 2169 2316 religionibus

360 2331 683 2391 hodiernis.
751 2331 1012 2391 Animos
1050 2329 1259 2391 statim
1297 2334 1623 2392 advertunt
1652 2335 1730 2393 ad
1760 2355 1850 2405 ea,
1882 2356 2014 2413 quae
2045 2337 2167 2396 duo

359 2430 459 2490 vel
488 2431 606 2489 tria
635 2431 888 2490 fortasse
924 2451 1066 2490 cum
1106 2432 1345 2509 impetu
1382 2439 1446 2491 et
1490 2433 1754 2493 clamore
1795 2434 2163 2496 efferuntur:

360 2531 585 2608 quieta,
627 2525 971 2608 tranquilla,
1014 2530 1296 2609 religiosa
1334 2531 1461 2590 fere
1505 2530 1842 2613 negligunt.
1932 2532 2056 2594 Sed
2100 2536 2165 2595 in

359 2631 582 2708 quietis
628 2637 692 2690 et
736 2630 1096 2708 tranquilliS,
1135 2632 1262 2690 sive
1308 2629 1695 2692 dulcedinem
1740 2653 1991 2712 quaeras,
2037 2634 2164 2696 sive

358 2730 765 2807 majestatem,
797 2731 1108 2789 verissima
1139 2750 1377 2809 semper
1406 2731 1537 2791 laus
1567 2734 1683 2792 erit
1715 2740 1984 2795 PoeseOS.

422 2827 522 2889 De
540 2829 936 2909 religionibus
968 2837 1179 2889 autem
1202 2830 1558 2910 AEschyleis,
1590 2833 1771 2892 simul
1803 2842 1865 2894 et
1897 2836 1973 2894 de
1992 2836 2162 2896 fonte

361 2950 439 2989 ex
485 2950 605 3007 quo
651 2926 940 2989 credibile
981 2939 1075 2990 est
1120 2932 1422 2990 derivatas
1466 2952 1568 2991 eas
1613 2932 1797 2993 fuisse
1837 2935 1901 2993 in
1947 2943 2161 3014 pectus

363 3029 551 3087 divini
584 3029 783 3099 Vatis,
815 3030 1004 3089 fusius
1035 3031 1151 3089 erit
1182 3032 1508 3091 dicendum
1538 3032 1658 3092 alio
1689 3040 1982 3112 tempore.
