2320 4126
592 1226 1187 1307 PRAELECTIO
1240 1226 1741 1305 VIGESIMA.

292 1733 555 1791 AEscliylum
575 1735 622 1776 in
647 1733 886 1791 'stayoediis
908 1733 1046 1777 tribus
1066 1734 1231 1776 ultimis
1250 1733 1465 1776 vindicias
1480 1733 1621 1788 eyisse
1643 1733 1805 1775 Summi
1825 1733 2048 1775 criminum

354 1807 537 1850 Ultoris.
599 1807 669 1850 Eo
694 1807 915 1864 periinere
939 1812 1026 1849 tum
1053 1805 1300 1863 Iphiyeniae,
1330 1810 1418 1848 tum
1442 1804 1617 1847 Helenae
1644 1810 1686 1846 et
1721 1805 1859 1860 Trojoe
1894 1819 2048 1848 eversae

347 1879 596 1922 mentionem
627 1878 786 1935 soepius
817 1878 1043 1934 repetitam
1054 1895 1073 1924 ,·
1119 1878 1299 1920 maoeime
1329 1875 1469 1920 autem
1498 1876 1831 1932 Clytaemnestrae
1861 1883 1902 1920 et
1942 1878 2048 1921 Cas-

346 1951 518 1994 sandrae
531 1964 758 2008 personas.

293 2121 869 2266 ANTEQUAM
917 2123 990 2179 ad
1038 2140 1135 2179 eas
1178 2141 1271 2178 res
1313 2122 1635 2198 aggrediar,
1676 2142 1819 2197 quas
1869 2143 1905 2180 a
1949 2142 2047 2180 me

474 2218 736 2293 postulat
773 2230 977 2275 cursus
1016 2217 1312 2274 hodiernae
1350 2218 1644 2286 orationis,
1675 2237 1863 2294 pauca
1889 2226 2048 2287 sunt,

287 2326 423 2389 quae
495 2315 654 2372 dieta
717 2314 914 2382 velim,
981 2314 1055 2371 ad
1121 2314 1385 2391 AEschyli
1459 2314 1646 2372 nostri
1717 2316 1914 2373 studia
1985 2322 2047 2373 et

288 2410 549 2468 indolem
600 2412 994 2487 pertinentia:
1061 2417 1331 2468 constare
1382 2430 1521 2468 eum
1578 2411 1689 2468 sibi
1748 2411 2047 2480 videlieet,

287 2515 358 2565 ut
407 2510 508 2584 qui
564 2510 841 2575 maxime,
894 2510 1062 2566 annis
1115 2508 1511 2584 vergentibUS‚
1557 2515 1738 2583 atque
1790 2510 2046 2566 eundem

288 2605 462 2681 plane
507 2607 741 2682 prodire
787 2607 850 2664 in
889 2606 1079 2663 tribus
1121 2604 1283 2662 hisee
1327 2605 1667 2681 Tragoediis,
1716 2606 1817 2680 q'ui
1847 2606 2049 2680 junior

287 2703 348 2759 in
381 2701 573 2778 Persis
603 2709 670 2760 et
704 2704 767 2759 in
797 2701 1160 2760 Prometheo
1191 2701 1388 2758 fuerit.
1478 2700 1549 2758 Id
1582 2702 1739 2775 quod
1770 2702 2047 2775 equidem

289 2799 513 2876 ingenii
542 2799 802 2876 'primarii
831 2813 1048 2876 magno
1079 2814 1206 2856 esse
1236 2799 1595 2856 documento
1626 2798 1994 2854 crediderim.

371 2894 550 2952 Certe
608 2896 847 2971 quidem
909 2896 1110 2972 vigere
1167 2894 1249 2951 ibi
1308 2894 1577 2951 videmus
1633 2894 2046 2970 integerrimos

285 2989 481 3048 Attici
511 2990 653 3048 civis
681 2998 996 3067 nautaeque
1026 2991 1263 3067 spiritus
1291 3010 1304 3048 ε
1371 2991 1472 3066 qui
1515 2991 1793 3067 primum,
1825 2990 2046 3047 Persici

286 3093 601 3163 apparatus
663 3107 910 3157 memor,
967 3088 1078 3145 sibi
1144 3106 1347 3164 regem
1411 3087 1582 3144 illum
1651 3087 1843 3145 solum
1909 3104 2046 3143 vere

287 3183 516 3260 regium
573 3183 698 3241 fore
756 3184 1064 3261 signifieat,
1123 3185 1225 3259 qui
1288 3203 1482 3259 neque
1548 3191 1793 3259 sumptu
1849 3202 2044 3258 neque

288 3279 445 3336 fastu
473 3279 657 3336 nimio
686 3297 750 3336 se
779 3298 955 3355 super
982 3279 1112 3336 aliis
1141 3279 1483 3336 hominibus
1512 3278 1816 3336 extollat&⁴

702 3414 771 3457 καὶ
791 3413 934 3457 τᾶλλα
954 3414 1012 3469 μὴ
1032 3414 1230 3471 γυναικὸς
1251 3413 1296 3457 ἐν
1316 3415 1492 3470 τρόποις
1514 3413 1586 3468 ἐμὲ

698 3485 872 3538 ἅβρυνε,
893 3483 1016 3540 μήδε,
1032 3483 1261 3542 βαρβάρου
1282 3485 1429 3541 φωτὸς
1449 3484 1582 3539 δίκην,

996 3629 1019 3651 9·
1049 3622 1201 3678 Aqam.
1227 3622 1330 3679 891.

1087 3713 1128 3750 A
1157 3714 1192 3751 a
1222 3699 1260 3752 2
