2320 4126
297 186 412 241 374
599 187 683 247 De
713 186 1125 256 Clytaemnestra,
1153 189 1262 260 ipso
1289 189 1447 242 caedis
1472 198 1731 245 momento.
1831 208 1993 246 ΡΜ».
2011 210 2103 249 xx.

659 331 741 374 ,οὐκ
761 331 847 375 ὑπὸ
869 331 1103 388 κλαυθμῶν
1122 337 1209 377 τῶν
1230 333 1279 388 ἐξ
1300 331 1443 385 οἵκων,

659 402 765 457 ἀλλ’
785 403 1026 463 Ἰφιγένειά
1046 423 1112 449 νιν
1133 405 1381 458 ἀσπασίως,

659 478 872 566 θυγιξτῂιζ,
894 479 953 524 ὣς
972 478 1060 537 χρὴ

661 569 800 609 πατερ
835 551 1087 597 αντιάσασα
1105 553 1218 610 πρὸς
1238 550 1466 610 ὠκύπορον

660 624 904 683 πόρθμευμ’
927 625 1085 684 ἀχέων,

660 700 761 760 περὶ
782 702 906 759 χεῖρε
925 702 1138 754 βαλοῦσα
1159 699 1364 759 φιλήσει.

384 805 693 882 Superest,
739 814 811 864 ut
857 807 1170 866 videamus
1216 829 1335 885 quo
1380 810 1582 867 animo
1629 810 1812 868 fuerit
1858 813 1920 869 in
1965 813 2094 890 ipso

294 903 477 962 caedis
508 903 765 962 articulo
798 905 1131 972 facinorosa
1169 905 1405 963 mulier.
1496 906 1634 977 Quo
1663 908 1726 964 in
1756 908 1890 967 loco
1922 910 2098 968 valde

292 1003 645 1062 dissimilem
720 1024 783 1063 se
856 1005 1086 1082 praebet
1149 1003 1609 1083 Shaksperianae
1679 1006 1860 1077 illius,
1927 1010 2099 1086 cujus

292 1103 474 1162 modo
506 1124 731 1167 nomen
761 1104 1086 1170 nominavi.
1168 1104 1399 1164 Nostra
1428 1106 1666 1186 quippe,
1699 1106 1866 1164 nullo
1897 1128 2095 1185 neque

292 1203 525 1279 pudore
569 1223 683 1261 nec
729 1210 902 1262 metu
934 1203 1245 1274 obstricta,
1278 1203 1477 1280 palam
1510 1211 1573 1261 et
1604 1211 1811 1281 aperte
1855 1204 2096 1282 gloriari

292 1302 455 1358 caede
510 1303 822 1381 conjugis3
884 1309 1191 1363 ostentare
1244 1303 1430 1366 fronti
1490 1303 1819 1380 inspersam
1871 1305 2098 1367 cruoris

290 1401 630 1471 maculam3
680 1403 766 1460 ita
797 1408 1023 1470 tamen,
1054 1410 1124 1460 ut
1155 1421 1286 1459 sese
1326 1422 1448 1459 non
1494 1421 1618 1459 suae
1654 1403 1890 1479 injuriae
1922 1403 2094 1461 ultri-

292 1518 447 1567 cem,
480 1501 581 1558 sed
617 1500 769 1558 laesae
796 1499 1068 1567 Deorum
1100 1501 1435 1581 majestatis
1481 1520 1550 1557 ac
1581 1500 1883 1566 vindicem
1924 1501 2100 1567 mini-

292 1605 477 1656 stram
511 1601 786 1658 venditet
806 1607 867 1656 ⁴1:

656 1717 875 1776 πειρᾶσθέ
894 1737 979 1776 μου
1000 1719 1205 1778 γυναικὸς
1227 1719 1284 1765 ὡς
1305 1718 1606 1778 ἅφραδμόνος·

655 1792 744 1852 ,ἐγὼ
767 1791 803 1837 δ’
827 1792 1029 1854 ἀτρέστῳ
1052 1794 1207 1852 καρδίᾳ
1229 1795 1341 1852 πρὸς
1362 1794 1533 1840 εἰδότας

655 1866 899 1926 λέγω-σὺ
922 1866 959 1911 δ’
982 1867 1116 1920 αἰνεῖν
1138 1865 1225 1912 εἴτε
1245 1879 1301 1925 με
1320 1867 1482 1927 ψέγειν
1503 1866 1661 1923 θέλεις,

656 1940 999 1999 ὅμοιον-οὗτός
1022 1941 1145 1987 ε’στιν
1165 1941 1469 2001 Ἀγαμέμνων,
1490 1945 1627 1998 πόσις

657 2015 775 2073 ἐμὸς,
799 2017 949 2076 νεκρὸς
970 2016 1034 2069 δὲ,
1057 2016 1194 2074 τῆσδε
1216 2017 1363 2075 δεξιᾶς
1383 2019 1518 2076 χερός

657 2091 804 2153 ἔργον,
829 2090 995 2137 δικαίας
1016 2093 1233 2137 τεκτόνος·
1268 2089 1360 2135 τάδ’
1385 2090 1458 2135 ὧδ’
1483 2091 1593 2149 ἔχει..

293 2205 445 2264 Haec
502 2206 622 2274 illa,
676 2208 805 2283 ipso
866 2209 1147 2265 immanis
1199 2208 1412 2285 flagitii
1466 2215 1781 2266 momento
1807 2228 1819 2266 ε
1884 2210 2097 2267 eadem

291 2312 499 2362 tamen
529 2306 693 2363 illico
731 2306 952 2364 molliri
999 2306 1336 2383 paullatim,
1369 2327 1488 2384 quo
1519 2326 1688 2365 more
1719 2306 1915 2365 solent
1945 2308 2100 2365 fero-

292 2406 499 2473 cioreS,
547 2412 828 2462 votorum
884 2405 1073 2463 semel
1127 2406 1274 2463 facti
1319 2413 1647 2483 compoteS,
1702 2413 1765 2463 et
1811 2425 2100 2464 excusare

292 2505 487 2582 primo
554 2503 955 2582 Iphigeniam,
1020 2505 1241 2565 deinde
1307 2504 1724 2574 Cassandram,
1792 2513 2098 2581 postremo

292 2604 480 2662 etiam
511 2602 878 2680 Chryseida3
941 2603 1131 2661 veluti
1164 2623 1297 2680 quae
1337 2604 1602 2661 rationes
1633 2604 2097 2680 circumspiciat,

294 2723 549 2780 quarum
583 2723 697 2780 ope
739 2703 1130 2761 commissum
1177 2703 1411 2761 facinus
1458 2709 1722 2771 tueatur,
1751 2722 1873 2760 non
1918 2702 2100 2760 modo

295 2823 497 2862 coram
553 2802 687 2860 Diis
737 2803 1223 2879 hominibusque,
1268 2822 1477 2859 verum
1529 2803 1714 2859 etiam
1768 2802 1955 2859 tacito
2007 2803 2100 2860 sui

295 2904 491 2961 cordis
525 2903 779 2979 judicio.
872 2901 1010 2971 Quo
1057 2903 1324 2979 pertinet
1364 2909 1427 2959 et
1472 2901 1641 2970 illud,
1675 2902 1751 2959 de
1791 2921 1911 2978 quo
1957 2902 2102 2960 satis

285 3001 417 3077 jam
447 3007 663 3069 antea3
713 2999 954 3076 culpam
988 2999 1066 3057 ab
1097 3019 1169 3057 ea
1198 3020 1322 3057 non
1352 2999 1539 3058 semel
1570 2999 1632 3056 in
1663 3018 1847 3057 unam
1882 3000 2100 3059 Parca-

296 3096 562 3166 rum,vel
585 3097 648 3153 in
671 3095 902 3154 malum
920 3095 1351 3173 Pelopidarum
1364 3096 1630 3154 Genium
1654 3096 1929 3154 conferri.
1981 3095 2102 3153 At-

300 3216 418 3272 que
448 3196 560 3256 hac
593 3197 840 3254 demum
873 3195 1106 3253 ratione
1138 3214 1201 3252 se
1233 3202 1545 3272 utcunque
1570 3195 1811 3260 videtur
1840 3194 2096 3261 levare‘:

1008 3319 1095 3378 ἐγὼ
1117 3317 1154 3362 δ’
1179 3317 1254 3362 οὗν

666 3393 827 3445 ἐθέλω,
851 3393 1022 3451 δαίμονι
1043 3395 1104 3451 τῷ
1127 3392 1451 3437 Πλεισθενιδᾶν

665 3466 822 3525 ὅρκους
845 3466 1018 3525 θέμενα,
1042 3467 1144 3511 τάδε
1166 3466 1246 3523 μὲν
1269 3465 1487 3526 στέργειν,

608 3647 629 3678 ‘1
662 3639 974 3698 Ayam.1372.
1476 3646 1494 3668 Γ
1526 3637 1637 3681 Ibid·
1670 3648 1799 3696 1557«

2276 3987 2320 4126 evm
