2320 4126
351 251 460 303 122
845 252 929 303 De
955 251 1225 304 Homerici
1251 252 1439 321 Ajaois
1464 251 1646 305 indole.
1854 271 2017 304 PRAEL.
2041 273 2154 308 vm.

350 391 549 471 Atqui
591 395 734 452 satis
773 393 955 472 longo
985 393 1307 452 intervallo
1338 413 1441 452 eos
1471 414 1507 452 a
1537 414 1600 452 se
1636 395 1918 464 invicem,
1952 397 2154 469 crede,

350 493 714 570 separabunt
762 492 858 550 vel
901 512 973 550 ea
1013 492 1159 562 sola,
1200 512 1337 569 quae
1379 494 1441 550 in
1486 493 1790 570 proverbii
1839 493 1973 552 loco
2015 502 2156 554 sunt

353 592 581 665 habita,
615 594 691 651 de
720 593 901 651 armis
932 610 1071 649 cum
1107 590 1343 650 Glauco
1375 593 1769 651 commutatis
1789 589 1852 650 k:

591 743 676 790 ἕνθ’
698 743 800 789 αὖτε
822 743 1002 804 Γλαύκῳ
1025 742 1240 802 Κρονίδης
1261 743 1428 802 φρένας
1449 743 1629 802 ἐξέλετο
1653 744 1772 797 Ζεύς,

593 815 642 862 ὃς
661 817 774 875 πρὸς
793 815 1003 872 Τυδείδην
1025 814 1245 873 Διομήδεα
1266 815 1406 876 τεύχε’
1430 816 1600 874 ἄμειβε,

591 889 764 949 χρύσεα
784 890 1017 949 χαλκείων,
1041 889 1290 949 ἑκατόμβοι’
1316 890 1588 945 ἐννεαβοίων.

351 1025 499 1084 Νο11
527 1025 719 1102 magis
751 1023 986 1083 Glauco
1017 1024 1336 1083 consilium
1367 1026 1615 1095 ademit,
1655 1046 1835 1103 quam
1872 1025 2157 1084 Diomedi

348 1125 593 1183 laudem
659 1124 908 1201 ingenui
976 1144 1046 1181 ac
1120 1123 1410 1200 simplicis
1454 1124 1683 1182 animi.
1807 1124 2013 1182 Nemo
2083 1126 2159 1183 de

350 1223 596 1283 Achille
626 1222 773 1282 talia
801 1230 1149 1282 narrantem
1181 1224 1385 1293 ferret,
1419 1243 1496 1282 ne
1527 1243 1635 1301 per
1666 1216 1881 1282 ludum
1913 1224 2160 1300 quidem

350 1332 415 1383 et
434 1325 668 1401 jocum.

466 1423 723 1482 Diversa
782 1423 859 1481 ab
918 1423 1192 1499 utrisque
1246 1423 1598 1500 depingitur
1652 1422 1860 1501 Ajacis
1912 1422 2162 1491 indoles,

350 1543 483 1601 quae
524 1529 732 1582 tamen
774 1530 838 1580 et
885 1523 1015 1599 ipsa
1055 1521 1205 1579 nihil
1254 1541 1378 1579 non
1429 1521 1694 1580 militare
1747 1529 1810 1580 et
1860 1531 2163 1580 castrense

350 1624 562 1700 sapiat.
688 1619 961 1698 Apertus
1039 1641 1110 1679 ac
1183 1621 1448 1680 directus
1520 1641 1755 1680 sermo:
1841 1642 2013 1681 mens
2087 1623 2162 1680 ad

350 1722 685 1799 parendum
716 1727 1014 1798 prompta,
1054 1721 1129 1779 ad
1163 1723 1469 1799 agendum
1501 1720 1808 1799 expedita,
1833 1740 1954 1779 non
1985 1722 2164 1779 nimis

350 1827 531 1879 acuta
575 1820 651 1878 ad
698 1820 1192 1898 excogitandum.
1284 1819 1516 1880 Videre
1558 1819 1708 1878 mihi
1752 1820 1959 1878 videor
1995 1820 2163 1897 quasi

350 1919 648 1979 famulum
695 1921 855 1979 bona
894 1921 1015 1978 fide
1069 1922 1435 1979 servientem
1483 1921 1746 1988 dominc,
1796 1939 1914 1977 non
1970 1919 2164 1977 laudis

349 2021 562 2099 gratia,
594 2039 716 2078 non
746 2021 1064 2080 mercedis.
1171 2021 1448 2079 Rectene
1486 2040 1563 2079 an
1594 2039 1767 2078 secus
1797 2019 2161 2096 imperatum

351 2121 446 2190 sit,
489 2119 642 2177 nihil
683 2127 990 2189 moratur3
1036 2140 1227 2179 unum
1270 2120 1423 2179 illud
1467 2128 1656 2190 curat,
1690 2139 1867 2179 suum
1909 2139 2163 2197 pensum

349 2219 629 2297 gnaviter
659 2220 927 2296 exsequi.
1017 2219 1285 2278 Jubetur
1321 2220 1578 2297 supplex
1620 2220 1785 2278 adire
1816 2217 2163 2277 Achillem}

351 2339 475 2377 11011
519 2326 780 2389 recusat,
821 2339 943 2376 non
992 2320 1224 2388 abnuit,
1279 2321 1343 2377 in
1395 2320 1513 2377 hoc
1567 2318 1873 2377 dissimilis
1919 2320 2165 2376 omnino

353 2417 688 2478 Diomedis,
772 2418 1163 2478 Renuentem
1212 2417 1526 2478 Achillem
1575 2426 1772 2497 urget,
1826 2418 2165 2477 subrustice

353 2536 496 2576 sane
514 2514 548 2577 ¹.

608 2599 744 2655 ἰὀμεν·
780 2600 832 2644 οὔ
852 2598 938 2660 γάρ
960 2619 1035 2658 μοι
1057 2599 1197 2644 δοκέει
1218 2598 1376 2658 μύθοιο
1397 2598 1580 2656 τελευτὴ

609 2674 715 2731 τῇδε
735 2672 776 2733 γ’
801 2674 888 2735 ὁδῷ
912 2673 1187 2732 κρανέεσθαι·
1221 2674 1488 2734 ἀπαγγεῖλαι
1510 2673 1560 2718 δὲ
1583 2672 1775 2733 τάχιστα

609 2748 695 2808 χρὴ
717 2748 856 2807 μῦθον
877 2750 1107 2801 Δαναοῖσι,
1131 2749 1201 2792 καὶ
1224 2748 1301 2792 οὐκ
1322 2747 1490 2807 ἀγαθόν
1509 2766 1593 2807 περ
1616 2749 1758 2801 ἕοντα,

610 2823 655 2870 οἵ
671 2844 757 2869 που
779 2828 853 2870 νῦν
875 2824 995 2868 ἕαται
1016 2823 1335 2883 ποτιδέγμενοι·
1368 2822 1505 2882 αὗταρ
1525 2821 1764 2882 Ἀχιλλεὺς

611 2900 765 2959 ἄγριον
787 2899 833 2944 ἐν
855 2898 1079 2956 στήθεσσι
1101 2898 1203 2943 θέτο
1223 2897 1507 2959 μεγαλήτορα
1528 2898 1679 2956 θυμόν·

613 2975 837 3035 σχέτλιος,
861 2975 961 3020 οὐδὲ
981 2975 1296 3033 μετατρέπεται
1318 2975 1564 3034 φιλότητος
1589 2974 1788 3032 ἑταίρων,

612 3051 703 3106 τῆς,
725 3045 755 3106 ᾗ
774 3067 850 3106 μιν
868 3049 989 3107 παρὰ
1011 3049 1167 3105 νηυσὶν
1188 3049 1359 3107 ἐτίομεν
1380 3049 1540 3108 ἔξοχον
1560 3049 1726 3094 ἄλλων·

617 3156 958 3168 ........
993 3124 1069 3168 σοὶ
1092 3122 1130 3167 δ’
1154 3123 1378 3180 ἅλληκτόν
1399 3142 1446 3168 τε
1468 3125 1601 3167 κακόν
1621 3142 1670 3167 τε

612 3197 749 3255 θυμὸν
771 3197 834 3242 ε’νὶ
856 3195 1080 3254 στήθεσσι
1103 3196 1196 3241 θεοὶ
1218 3196 1357 3242 θέσαν
1378 3195 1519 3243 εἵνεκα
1541 3195 1697 3253 κούρης

613 3269 717 3328 οἵης·
753 3273 829 3315 νῦν
851 3269 902 3314 δέ
920 3289 988 3314 τοι
1011 3269 1120 3315 ἕπτα
1140 3271 1421 3329 παρίσχομεν
1441 3269 1559 3329 ἔξοχ’
1586 3270 1786 3328 ἀρίστας,

613 3347 733 3390 ἄλλα
753 3365 800 3390 τε
820 3344 955 3390 πόλλ’
978 3345 1050 3390 ἐπὶ
1071 3348 1192 3403 τῇσι·
1230 3345 1288 3390 σὺ
1310 3343 1348 3389 δ’
1369 3343 1499 3389 ἵλαον
1521 3344 1643 3389 ἔνθεο
1665 3344 1817 3402 θυμόν.

355 3508 454 3566 En
482 3506 812 3564 militarem
843 3505 1108 3564 hominis
1140 3504 1630 3582 simplicitatem!
1677 3503 1766 3562 illi
1797 3522 1979 3561 merae
2019 3509 2162 3561 sunt

354 3606 623 3684 argutiae,
671 3605 890 3680 quibus
935 3603 1212 3663 Achilles
1266 3612 1509 3682 tempus
1558 3605 1736 3663 terit:
1802 3623 1924 3661 non
1979 3602 2159 3679 capit,

598 3783 622 3813 k
657 3783 711 3828 Il.
735 3784 798 3829 vi.
819 3795 921 3842 254.
1682 3782 1691 3808 ¹
1721 3783 1781 3827 ix.
1806 3781 1909 3826 621.

2292 3930 2320 4126 mutua-na.
2312 3810 2320 3813 t
2317 3796 2320 3797 ,
2318 3745 2320 3749 .
