2320 4126
203 205 361 273 PRAEL.
382 229 417 260 1.
750 207 1085 262 dubitationes
1107 215 1155 258 et
1178 224 1424 276 responsa.
1468 267 1471 270 .
1922 210 1955 262 7

203 354 393 419 cinne,
433 371 611 427 quam
651 358 808 426 apte,
847 369 1024 424 quam
1069 349 1327 405 suaviter
1366 355 1627 414 cantent,
1663 348 1723 403 id
1763 368 1955 423 neque

203 456 413 505 curant
442 466 635 521 neque
665 453 883 502 norunt
912 445 1174 519 quidem.

288 542 501 617 Itaque
552 542 788 598 labente
839 548 900 597 et
950 539 1231 596 inclinata
1280 537 1472 604 Poesi‚
1500 539 1632 594 'vix-
1679 538 1804 595 fieri
1855 558 1958 614 po-

203 639 338 703 tuit,
389 644 457 694 ut
505 637 756 702 Criticae,
807 654 984 709 quam
1037 641 1267 700 vocant,
1319 653 1490 690 suum
1539 653 1756 691 munus
1806 635 1960 691 inte-

201 753 373 810 grum
416 740 712 789 maneret:
768 732 896 805 quis
939 732 1117 797 enim,
1156 731 1596 804 corruptissima
1638 730 1956 804 republica,

202 831 569 902 incorruptos
605 828 729 883 fore
748 826 982 901 judices
1018 825 1378 900 speraverit?
1466 824 1771 882 Hiscerte
1806 833 1959 882 tem-

202 925 439 999 poribus
475 942 585 979 usu
626 923 804 989 venit,
835 930 904 978 ut
939 941 1189 997 quorum
1233 927 1359 978 erat
1400 921 1761 978 luxuriantia
1799 940 1959 978 com-

201 1039 457 1095 pescere,
486 1020 595 1094 ipsi
635 1019 1025 1093 incomposita
1053 1037 1246 1074 rerum
1281 1025 1342 1074 et
1379 1017 1691 1073 verborum
1722 1016 1957 1074 luxurie

202 1116 471 1172 diffluant
515 1115 735 1189 ubique
785 1134 853 1171 30
914 1121 1236 1189 vagentur3
1299 1114 1398 1187 qui
1450 1114 1764 1170 ambitiosa
1812 1114 1958 1170 reci-

202 1211 341 1279 dere
398 1211 710 1275 debebant,
770 1210 879 1284 ipsi
941 1210 1058 1264 sint
1126 1209 1393 1264 omnium
1456 1209 1958 1274 ambitiosissimi3

199 1307 412 1380 quibus
442 1314 665 1362 naturae
685 1305 912 1379 judicia
934 1303 1351 1370 confirmanda,
1376 1304 1824 1360 vanissimarum
1847 1304 1957 1379 ipsi

200 1403 543 1477 opinionum
574 1407 912 1457 commenta
942 1400 1207 1474 quotidie
1238 1400 1298 1454 in
1324 1399 1536 1475 vulgus
1567 1406 1779 1455 serant.
1868 1399 1958 1457 Ut

199 1515 317 1552 uno
360 1497 536 1552 verbo
574 1495 784 1561 dicam,
826 1495 1064 1570 ingenio
1103 1494 1352 1550 nimium
1393 1494 1689 1560 tribuitur,
1724 1495 1957 1550 veritati

199 1611 424 1667 parum.

280 1689 538 1746 Accedit
568 1689 724 1762 quod
771 1687 917 1744 nihil
963 1688 1091 1744 istis
1139 1687 1535 1762 importunius
1584 1706 1660 1743 ne
1711 1689 1957 1763 cogitari

198 1786 439 1859 quidem
462 1785 679 1859 possit3
724 1803 975 1858 quorum
1010 1783 1111 1840 alii
1153 1784 1406 1858 septimo
1447 1802 1682 1857 quoque
1713 1783 1826 1852 die,
1857 1784 1956 1840 alii

198 1881 583 1936 modestiores
614 1879 856 1955 singulis
878 1879 1198 1945 mensibUS,
1222 1880 1321 1953 qui
1346 1898 1578 1936 summa
1599 1880 1959 1936 abstinentia

198 1981 465 2041 utuntur,
511 1981 720 2048 quater
762 1981 923 2030 certe
969 1976 1027 2029 in
1080 1994 1233 2030 anno
1279 1974 1549 2041 redeunt,
1600 1973 1955 2031 Criticorum

199 2071 438 2127 nomine
463 2077 524 2126 et
547 2070 677 2126 loeo
699 2071 1043 2146 gestientes,
1118 2070 1424 2127 Rarissimi
1454 2077 1610 2137 sunt,
1635 2071 1734 2144 qui
1766 2072 1826 2126 in
1856 2071 1958 2129 illa

199 2167 504 2223 celeritate
543 2167 835 2224 scribendi
875 2186 994 2223 non
1034 2166 1287 2241 plurima
1331 2185 1497 2223 secus
1528 2167 1744 2233 dicant,
1776 2176 1956 2242 atque

199 2265 275 2330 id,
309 2265 462 2338 quod
503 2264 674 2319 unice
717 2264 940 2319 deceat.
1030 2262 1149 2319 Sed
1182 2263 1404 2319 fuerint
1445 2265 1824 2338 quantumvis
1867 2267 1956 2321 in-

151 2394 154 2398 ·
199 2361 342 2434 epti,
373 2359 550 2435 vulgo
590 2366 791 2414 tamen
832 2378 967 2415 suos
1003 2359 1250 2432 quisque
1290 2358 1568 2423 fautores,
1610 2377 1762 2425 suoS,
1794 2361 1952 2434 quod

197 2456 457 2512 maxime
481 2456 744 2511 omnium
769 2455 1221 2529 deprecandum,
1246 2453 1497 2510 lectores
1519 2462 1701 2527 atque
1725 2462 1956 2529 empto-

197 2570 290 2607 res
318 2551 634 2625 reperiunt.

282 2646 428 2714 Quae
457 2665 591 2702 cum
623 2646 708 2702 ita
737 2664 798 2701 se
827 2645 1102 2711 habeant,
1126 2664 1244 2700 non
1266 2645 1642 2701 incommode
1672 2645 1953 2703 accidisse

198 2742 464 2807 arbitror,
494 2760 599 2797 nos
634 2742 695 2795 in
725 2742 1067 2815 gravissimo
1099 2758 1277 2814 opere
1306 2740 1642 2815 peragendo
1673 2742 1743 2797 iis
1772 2743 1954 2816 potis-

197 2839 412 2894 simum
445 2836 674 2911 legibus
704 2837 909 2902 teneri,
942 2855 1070 2910 quae
1100 2842 1308 2892 vestrae
1339 2836 1614 2910 dignitati
1654 2839 1858 2912 magis,
1890 2846 1951 2894 et

199 2934 471 2990 severiori
503 2932 639 2987 111110
671 2932 973 2998 doctrinae,
998 2950 1172 3006 quam
1199 2938 1303 2987 aut
1332 2932 1564 2987 aurium
1597 2931 1952 2990 brevissimae

199 3028 505 3102 voluptati,
537 3033 640 3083 aut
669 3033 978 3083 acutorum
1008 3027 1316 3082 hominum
1359 3026 1781 3082 existimationi
1812 3047 1952 3084 con-

198 3123 410 3179 sulant.
494 3123 692 3179 Facile
722 3124 1018 3197 patiemur
1039 3122 1208 3197 plura
1236 3122 1405 3178 nobis
1436 3122 1656 3188 deesse,
1688 3123 1949 3180 maxime

197 3217 457 3291 alioquin
507 3224 711 3291 optata
761 3226 938 3292 atque
983 3219 1309 3283 commoda,
1354 3218 1622 3293 gratiam,
1665 3218 1945 3287 favorem,

196 3312 371 3387 plena
399 3312 709 3379 subsellia3
755 3319 882 3368 tum
920 3313 1075 3386 quod
1117 3311 1292 3387 longe
1335 3319 1426 3368 est
1462 3312 1710 3386 gravius,
1743 3313 1946 3372 multis

197 3427 265 3465 30
295 3408 584 3482 praec-laris
622 3408 784 3475 locis,
815 3415 876 3463 et
917 3409 1017 3481 qui
1055 3408 1130 3463 ad
1165 3426 1288 3463 rem
1319 3407 1472 3463 bene
1499 3409 1819 3482 gerendam
1851 3411 1944 3466 vel

197 3504 485 3577 praecipue
530 3510 771 3577 possent
814 3504 1108 3577 adjuvare,
1149 3522 1317 3577 aequo
1362 3504 1500 3559 satis
1544 3505 1740 3560 animo
1785 3524 1937 3561 care-

196 3599 424 3665 bimusz
484 3599 660 3655 modo
719 3598 865 3654 nihil
917 3599 1209 3673 putidum,
1260 3597 1745 3668 nihilfucatum,
1792 3599 1938 3656 nihil
