2320 4126
176 273 446 326 PRAELJXII.
474 276 744 340 propterea
768 266 903 336 quod
919 264 1135 336 publices
1146 264 1356 332 fuerint
1391 263 1446 315 U
1444 262 1585 331 lyssis
1608 280 1732 332 ope&
1810 264 1917 314 203

174 414 259 471 καὶ
305 408 883 490 παραφυλαττομένου
924 404 1028 462 ὑπὸ
1074 409 1175 462 τοῦ
1219 401 1584 470 Ποσειδῶνος,
1622 401 1707 457 καὶ
1752 401 1918 468 μόνου

176 511 347 574 ὄντος,
377 508 458 563 ἐτὶ
493 505 549 562 δὲ
577 510 683 562 τῶν
715 503 849 561 οἴκοι
882 502 1048 563 οὕτως
1077 499 1333 578 ἐχόντων,
1364 496 1512 555 ὥστε
1539 495 1614 555 τὰ
1653 499 1917 576 χρήματα

173 603 277 661 ὑπὸ
306 605 625 679 μνηστήρων
649 599 1060 665 ἀναλίσκεσθαι,
1083 595 1167 652 καὶ
1198 593 1297 651 τὸν
1319 592 1430 650 υἱὸν
1452 593 1918 664 ἐπιβουλεύεσθαι,

175 697 334 759 αὐτὸς
369 698 678 775 ἀφικνεῖται
722 693 1055 773 χειμασθεὶς,
1085 692 1171 748 καὶ
1216 690 1590 769 ἀναγνωρῖσας
1632 686 1800 756 τινὰς,
1831 689 1922 745 αὕ-

171 802 288 855 τοῖς
333 792 656 859 ἐπιθέμενος,
710 788 870 852 αὐτὸς
915 787 1010 855 μὲν
1062 789 1253 855 ἐσώθη,
1305 785 1431 848 τοὺς·
1478 785 1521 842 δ’
1572 784 1799 864 ἐχθροὺς·
1846 783 1923 842 δι·-

173 891 411 969 ἑφθειρε.
456 886 525 945 τὸ
554 886 649 955 μὲν
680 885 767 943 οὖν
795 884 930 942 ’ἴδιον
958 889 1149 941 τοῦτο·
1195 882 1269 941 τὰ
1308 882 1351 940 δ’
1385 881 1553 950 ἄλλα,
1585 880 1880 938 &reto-odla-

258 986 394 1053 Sed,
423 1004 568 1059 pace
598 983 750 1039 tanti
782 982 888 1038 viri
919 981 1189 1045 dixerim,
1220 999 1340 1035 non
1371 979 1656 1035 debuerat
1686 978 1920 1035 silentio

172 1081 489 1157 praeterire,
521 1079 580 1134 id
610 1077 768 1152 quod
799 1095 984 1133 unum
1008 1077 1273 1132 omnium
1296 1076 1556 1131 maxime
1585 1074 1920 1149 pertinebat

173 1184 303 1234 tum
347 1176 419 1232 ad
451 1176 763 1233 veritatem
806 1172 1023 1229 fabulae
1053 1178 1183 1228 tum
1227 1170 1302 1226 ad
1341 1169 1729 1245 dignitatem:
1778 1168 1922 1224 Non

174 1275 247 1329 de
277 1272 482 1346 quovis
510 1271 750 1326 homine
780 1268 999 1324 narrari
1029 1267 1270 1341 injurias
1300 1266 1458 1332 istaS,
1489 1266 1764 1332 reditum,
1797 1265 1923 1320 vin-

175 1369 413 1435 dictam,
444 1385 646 1423 verum
678 1366 751 1421 de
783 1365 967 1440 Rege,
999 1363 1101 1419 tali
1135 1362 1380 1429 scilicet,
1404 1361 1605 1436 quales
1629 1367 1923 1417 noverunt

175 1463 443 1520 Heroum
474 1461 700 1519 saecula.
789 1460 907 1528 Qui
938 1478 1073 1516 cum
1106 1465 1260 1515 esset
1292 1458 1491 1514 divino
1511 1457 1765 1532 quodam
1786 1457 1922 1531 jure

175 1567 372 1635 pastor
428 1578 495 1615 ac
543 1576 751 1633 parens
801 1556 1056 1612 universi
1102 1554 1321 1630 populi,
1368 1574 1438 1611 eo
1482 1560 1544 1610 et
1596 1553 1923 1628 periculum

175 1656 407 1732 gravius
452 1662 513 1711 et
555 1653 897 1729 flagrantius
942 1658 1068 1707 erat
1110 1651 1413 1717 delictum,
1449 1651 1495 1706 si
1535 1651 1663 1723 quis
1709 1668 1780 1706 eo
1824 1649 1927 1706 ab-

176 1758 360 1817 sente,
419 1749 740 1824 praesertim
799 1748 953 1803 circa
1007 1746 1245 1821 publica
1302 1746 1628 1812 commoda,
1680 1745 1925 1801 domum

172 1848 301 1922 ejus
340 1846 634 1910 invaserit,
672 1843 956 1900 familiam
998 1843 1337 1917 corruperit,
1376 1841 1689 1898 facultates
1733 1861 1837 1900 seu
1868 1842 1926 1897 vi

174 1943 297 1999 sive
328 1941 463 1998 dolo
496 1940 794 1996 minuerit.

262 2037 502 2093 Etenim
552 2036 734 2110 probe
785 2035 1107 2091 tenendum
1167 2041 1275 2102 est,
1335 2053 1411 2091 ex
1461 2040 1659 2090 vetere
1709 2032 1812 2090 illa
1862 2039 1925 2089 et

179 2133 607 2208 simplicissima
634 2130 809 2206 regiae
836 2130 1146 2204 potestatis
1173 2128 1442 2196 formula,
1466 2129 1540 2185 ad
1566 2129 1752 2203 ipsam
1775 2147 1928 2184 rem-

178 2228 477 2304 publicam
500 2227 794 2301 pertinere
816 2224 968 2300 regis
992 2243 1154 2299 opes:
1187 2244 1303 2281 non
1328 2224 1441 2281 alia
1463 2225 1709 2291 ratione,
1735 2224 1925 2290 credo,

177 2332 357 2399 atque
402 2324 558 2398 apud
607 2320 937 2396 aborigines
987 2319 1313 2387 Celtarum,
1363 2339 1615 2395 quorum
1664 2321 1927 2395 quisquis

177 2427 306 2476 erat
334 2420 470 2494 jure
508 2419 698 2493 patrio
729 2415 986 2492 regUIUS,
1018 2418 1143 2491 ejus
1186 2437 1262 2473 ex
1301 2417 1470 2492 agriS,
1501 2417 1747 2491 pascuiS,
1779 2416 1928 2473 cella

179 2516 431 2590 penaria,
475 2523 757 2588 tanquam
804 2511 937 2587 lege
985 2519 1368 2580 sacrosancta,
1413 2513 1760 2587 excipienda
1802 2518 1928 2569 erat

180 2610 435 2685 hospitio
485 2610 652 2685 plebs
709 2609 996 2664 universa.
1086 2608 1432 2683 Cujusmodi
1483 2608 1631 2664 ritus
1677 2608 1928 2683 vestigia

180 2726 299 2762 non
342 2706 496 2763 levia
538 2709 914 2763 servaverunt
953 2723 1080 2777 quae
1114 2706 1175 2760 in
1211 2706 1336 2779 ipso
1367 2704 1479 2760 hoc
1510 2705 1769 2761 carmine
1798 2724 1930 2761 nar-

180 2808 385 2857 rantur
419 2801 492 2856 de
535 2819 738 2857 mensa
775 2807 955 2875 atque
1000 2799 1188 2875 epulis
1217 2798 1476 2867 Alcinoi,
1508 2820 1623 2875 quo
1654 2801 1930 2857 videntur

181 2896 540 2953 concurrisse
583 2896 770 2952 indies
812 2899 1095 2972 primores
1138 2895 1336 2971 populi
1376 2896 1449 2952 ad
1484 2916 1670 2952 unum
1707 2915 1927 2953 omnes,

182 2990 320 3047 Jam
350 3010 489 3047 vero
520 2991 710 3066 quivis
749 2993 1063 3069 intelliget,
1094 2991 1342 3048 validius
1382 2992 1456 3048 ad
1500 2992 1928 3067 rempublicam

182 3087 495 3161 pertinere,
527 3087 574 3143 si
606 3087 733 3160 quis
770 3089 1012 3144 domum
1057 3088 1343 3162 ejusmodi
1388 3088 1718 3155 conturbet,
1750 3106 1929 3162 quam·

182 3200 287 3259 pro
316 3182 490 3255 hujus
519 3183 801 3257 temporis
831 3185 1074 3240 ratione.

266 3276 464 3343 Quare
515 3296 633 3333 non
686 3278 1078 3335 dubitandum
1126 3284 1231 3344 est,
1282 3279 1345 3333 in
1396 3278 1591 3333 reditu
1642 3283 1821 3351 atque
1865 3277 1927 3333 in

186 3371 429 3428 victoria
486 3371 713 3447 Ulyssis
772 3374 921 3430 verti
972 3392 1090 3429 non
1137 3379 1261 3428 tam
1314 3373 1524 3428 domus
1581 3391 1699 3429 suae
1750 3391 1926 3447 quam

186 3465 585 3523 Ithacensium
615 3487 809 3524 rerum
839 3487 1146 3524 summam.

284 3562 458 3636 Quod
503 3564 550 3619 si
595 3582 699 3619 nos
743 3582 860 3621 non
907 3563 1155 3620 absurde
1204 3564 1561 3637 conjicimUS,
1594 3562 1925 3620 Homerum
