2320 4126
383 218 492 273 162
642 223 885 278 Dicteria
909 225 1150 296 quaedam
1175 227 1471 292 Homerica,
1498 229 1655 283 colore
1677 232 1880 302 ayresti.
1934 250 2094 284 PRAEL-
2123 252 2174 285 x.

385 366 755 446 Cognoscite
787 369 950 428 aliud
984 371 1404 448 exemplumez

716 496 774 541 ὡς
794 494 831 539 δ’
855 493 960 540 ὅταν
981 495 1027 539 ἐκ
1048 496 1219 555 νεφέων
1237 498 1395 554 πτῆται
1416 497 1563 556 νιφὰς,
1584 495 1636 555 ἦὲ
1655 499 1829 557 χάλαζα

714 568 871 634 ψυχρὴ
893 570 978 614 ὑπὸ
998 569 1129 629 ῥιπῆς
1148 569 1425 629 αἰθρηγενέος
1442 571 1622 630 βορέαο.

383 677 575 739 Vocis
616 681 761 756 ejus,
807 679 1176 760 αἰθρηγενέος,
1223 700 1461 758 semper
1499 682 1649 739 mihi
1687 684 1813 741 visa
1853 691 1945 742 est
1990 685 2180 742 admi-

380 779 584 837 rabilis
608 780 879 856 quaedam
910 777 1189 859 ἐνάργεια.
1250 779 1562 839 Videlicet
1592 801 1808 840 aureus
1831 782 1934 840 ille
1958 783 2180 862 fulgor,

383 898 564 954 quem
603 879 679 936 de
709 877 1020 955 Aquilone
1058 879 1408 937 venientem
1450 880 1726 957 depinxit
1772 882 2179 940 sanctissimus

381 977 674 1036 universae
705 976 959 1045 Naturae
988 978 1304 1054 interpres,
1336 977 1376 1035 J
1381 978 1547 1047 obuS,
1579 978 1753 1057 fugat
1782 980 1971 1050 nives,
2001 1000 2176 1057 gran-

383 1075 604 1145 dinem,
636 1095 861 1152 aquosa
889 1075 1098 1134 nubila
1116 1072 1166 1134 f:

620 1206 707 1253 ἀπὸ
728 1206 873 1267 βοῤῥᾶ
895 1207 1006 1267 νέφη
1028 1209 1383 1266 χρυσαυγοῦντα·

622 1282 694 1326 ἐπὶ
715 1281 887 1328 τούτοις
906 1282 1078 1340 μεγάλη
1099 1279 1126 1338 ἡ
1149 1281 1261 1337 δόξα
1282 1283 1352 1325 καὶ
1373 1279 1474 1338 τιμὴ
1498 1281 1874 1340 Παντοκράτορος.

381 1392 578 1463 Quale
618 1401 860 1472 tempus
897 1394 945 1452 si
985 1393 1144 1451 foret
1192 1413 1314 1451 uno
1357 1393 1815 1451 describendum
1851 1393 2051 1462 verbe,
2089 1396 2180 1452 in-

377 1493 599 1550 mirum
630 1493 955 1573 αἰθρηγένης
986 1493 1237 1551 verbum
1268 1491 1420 1550 illud
1451 1499 1600 1550 erat.

469 1591 579 1650 Est
627 1592 733 1650 ubi
782 1612 911 1650 rem
960 1592 1247 1649 enunciat
1294 1611 1417 1649 non
1464 1599 1591 1650 tam
1636 1610 1745 1669 per
1783 1591 2070 1668 adjuncta
2115 1602 2178 1651 et

378 1691 671 1767 apposita,
725 1711 906 1768 quam
956 1710 1064 1768 per
1115 1692 1550 1767 consequentia
1601 1691 1893 1767 quaedam,
1947 1693 2179 1768 paucis-

379 1788 531 1847 sima
569 1789 674 1848 illa
719 1791 983 1866 quidem,
1026 1810 1278 1867 quaeque
1325 1790 1400 1848 ad
1450 1809 1583 1848 eam
1633 1790 1834 1848 lucide
1882 1811 1952 1849 ac
1998 1791 2178 1851 vehe-

376 1895 619 1947 menter
686 1890 1050 1967 pertineant.
1158 1888 1460 1947 Jacebant
1519 1891 1582 1947 in
1644 1909 1858 1967 campo
1917 1890 2177 1967 Trojani,

377 1976 659 2046 informia
718 1988 1045 2046 cadavera:
1115 1988 1177 2044 id
1237 1987 1354 2046 hoc
1415 1989 1537 2047 ritu
1597 1988 1771 2047 effert
1833 1987 2174 2048 Homerus:

381 2085 591 2156 Erant,
622 2087 821 2164 inquit
835 2097 878 2155 ἕ,

620 2209 846 2270 γύπεσσιν
865 2210 984 2255 πολὺ
1004 2210 1228 2269 φίλτεροι,
1251 2209 1277 2267 ἢ
1299 2209 1552 2269 ἀλόχοισιν.

378 2316 625 2377 Videtis
668 2301 848 2375 acute
901 2335 971 2374 ac
1024 2315 1267 2391 praecise
1320 2315 1570 2381 dictum,
1619 2316 1961 2394 aenigmatis
2014 2318 2176 2378 haud

376 2434 616 2491 prorsus
646 2413 957 2493 absimile:
1004 2412 1341 2489 cujusmodi
1371 2413 1729 2489 plerumque
1760 2423 1901 2473 sunt
1932 2435 2021 2486 ea,
2045 2438 2176 2495 quae

376 2515 537 2591 apud
568 2514 839 2592 plebeios
868 2512 1137 2573 maxime
1169 2513 1394 2590 vigent,
1428 2513 1698 2570 dicteria.

465 2612 706 2671 Notum
739 2620 804 2670 et
833 2611 985 2673 illud
1018 2610 1307 2671 Hectoris
1340 2610 1621 2672 Paridem
1653 2610 2151 2689 exprobrantish:

622 2788 632 2798 .
651 2789 661 2799 .
683 2787 693 2799 .
712 2788 722 2799 .
737 2754 859 2811 μάλα
880 2757 1024 2813 Τρῶες
1046 2751 1312 2811 δειδήμονες·
1345 2750 1371 2810 ἦ
1394 2751 1445 2796 τέ
1464 2770 1537 2797 κεν
1556 2751 1637 2810 ἤδη

615 2828 767 2872 λάϊνον
788 2826 904 2874 ἕσσο
924 2831 1106 2887 χιτῶνα,
1129 2831 1270 2872 κακῶν
1291 2825 1419 2885 ἕνεχ’,
1442 2825 1565 2872 ὅσσα
1586 2826 1758 2886 ἔοργας.

375 2945 727 3022 Agnoscitis
787 2945 1053 3004 militare
1114 2965 1257 3004 sane
1319 2945 1671 3004 convitium.
1780 2943 2007 3003 Nescio
2068 2964 2173 3003 au-

374 3050 523 3113 tem,
555 3063 632 3101 an
661 3042 920 3101 habeam
962 3043 1178 3101 eodem
1219 3045 1283 3100 in
1313 3063 1567 3102 numero
1599 3063 1736 3120 quae
1768 3042 2007 3102 Paeanis
2037 3043 2171 3102 loco

375 3149 690 3210 canuntur,
723 3160 903 3217 super
932 3141 1142 3199 occisis
1173 3141 1404 3200 fatidici
1435 3142 1546 3199 viri
1576 3138 1773 3202 filiisi:

613 3280 706 3323 τοῖς
726 3278 803 3323 οὒκ
825 3277 1078 3337 ἐρχομένοις
1099 3279 1123 3321 ὁ
1143 3277 1286 3337 γέρων
1307 3275 1489 3337 ἐκρίνατ’
1513 3276 1722 3336 ὀνειροῦς,

612 3347 733 3394 ἀλλὰ
755 3349 901 3409 σφέας
922 3351 1130 3408 κράτερος
1151 3347 1369 3407 Διομήδης
1391 3348 1652 3407 ἐξενάριξεν.

458 3465 560 3523 Ad
595 3486 930 3536 summam;
961 3467 1275 3525 universus
1300 3466 1651 3527 Homericae
1683 3468 1971 3527 orationis
2002 3468 2169 3526 color

372 3664 393 3688 e
427 3656 481 3701 ΙΙ.
505 3673 579 3703 xv.
608 3668 706 3716 170.
786 3657 800 3683 ¹
826 3658 919 3704 Job
941 3659 1110 3704 xxxvii.
1136 3673 1207 3703 22.
1286 3666 1312 3697 8
1345 3658 1400 3703 Il.
1423 3658 1484 3702 xi.
1513 3658 1612 3703 162.
1677 3658 1696 3683 ¹²
1726 3658 1788 3703 iii.
1812 3657 1886 3713 56.
1949 3656 1963 3688 i
1993 3672 2036 3703 v.
2065 3667 2164 3712 150.
