2320 4126
149 272 303 306 PRAEL.
321 271 429 303 vm.
507 249 730 303 Achilles
744 247 1027 318 paullatim
1051 246 1107 298 iu
1131 263 1328 298 scenam
1354 246 1631 299 reducitur.
1788 250 1894 305 109

145 405 212 454 ut
241 397 364 471 ipse
388 393 711 460 PatrocluS,
732 390 1029 450 Vulcania
1056 390 1300 447 indutus
1330 409 1510 457 arma,
1533 409 1658 447 rem
1682 398 1897 448 utcun-

142 511 257 567 que
292 490 716 546 restituendam
758 488 1099 563 susciperet.
1189 486 1322 543 Hac
1353 506 1472 543 una
1502 493 1564 543 et
1594 487 1719 545 sola
1748 489 1892 555 vice,

146 589 467 645 Fortunam
526 586 668 641 fecit
721 584 913 641 Deam
958 583 1299 640 Homerus:
1361 602 1540 658 quam
1600 584 1896 641 dissimilis

144 702 345 739 eorum
403 688 624 749 vatum,
675 681 887 755 quibus
944 680 1003 735 in
1064 679 1223 735 omni
1284 680 1619 736 discrimine
1677 687 1896 755 praesto

143 785 279 837 sunt
335 777 693 853 magnanimi
753 775 1001 842 HeroeS,
1055 775 1220 831 velut
1279 775 1391 832 θεοὶ
1459 773 1571 832 ἀπὸ
1635 783 1893 854 μηχανῆς,

145 880 401 931 errantes
459 892 526 929 ac
578 891 742 947 paene
789 872 918 946 jam
977 871 1280 927 confectos
1338 870 1433 927 vel
1490 872 1552 929 in
1611 875 1896 930 extremis

143 968 475 1027 liberaturi!
561 968 853 1035 “Quanto
910 968 1128 1023 rectius
1184 967 1298 1033 hic,
1351 968 1452 1042 qui
1510 967 1594 1024 nil
1651 969 1897 1028 molitur

141 1067 339 1141 inepte
362 1065 406 1121 !'’
449 1083 641 1139 neque
673 1064 966 1130 Fortunae,
997 1082 1175 1137 quam
1205 1070 1440 1131 vocant,
1480 1064 1722 1121 arbitrio
1763 1065 1896 1140 plus

143 1162 263 1219 ullo
320 1162 381 1217 in
431 1160 562 1217 loco
614 1160 841 1227 tribuit,
889 1178 1067 1234 quam
1126 1159 1299 1216 facile
1357 1160 1508 1216 ferat
1566 1163 1896 1219 communis

146 1262 282 1317 vitae
311 1258 481 1315 ratio,

242 1355 399 1424 Quid
454 1372 563 1430 ego
611 1353 775 1427 quasi
826 1352 1041 1428 gradus
1092 1371 1418 1419 numerem,
1460 1372 1711 1427 quorum
1765 1372 1894 1428 ope,

144 1470 317 1527 quem
358 1452 458 1508 diu
502 1449 771 1507 consulto
815 1449 1053 1515 celarat,
1089 1449 1151 1504 in
1190 1448 1385 1505 lucem
1430 1449 1672 1505 tandem
1717 1456 1896 1523 atque

143 1549 202 1604 in
248 1548 433 1604 aciem
478 1545 747 1602 reducit?
853 1544 1138 1612 Primum,
1186 1544 1294 1601 sub
1342 1544 1601 1602 Patrocli
1647 1564 1897 1620 persona

142 1644 281 1719 quid
337 1642 571 1700 valeant
628 1660 846 1698 nomen
904 1643 1032 1716 ejus
1099 1648 1162 1697 et
1230 1659 1392 1697 arma
1458 1640 1766 1718 splendide
1834 1648 1897 1698 et

143 1739 444 1816 ingeniose
474 1738 774 1794 docemur.

376 1844 659 1902 Μυρμιδόνες,
682 1841 825 1900 ἕταροι
846 1842 1101 1899 Πηληϊάδεω
1120 1842 1340 1901 Ἀχιλῆος,

373 1914 519 1971 ἀνέρες
538 1915 655 1965 ἕστε,
678 1913 821 1970 φίλοι,
843 1912 1071 1970 μνήσασθε
1094 1914 1141 1957 δέ
1163 1913 1361 1972 θούριδος
1380 1914 1527 1971 ἀλκῆς’

373 1986 430 2032 ὡς
452 1985 503 2030 ἂν
525 1986 742 2041 Πηλείδην
762 1984 1011 2042 τιμήσομεν,
1035 1984 1082 2030 ὃς
1101 1985 1195 2043 μέγ’
1218 1985 1397 2044 ἄριστος

372 2056 578 2115 Ἀργείων
592 2057 709 2114 παρὰ
730 2058 870 2111 νηυσὶ,
893 2057 961 2099 καὶ
982 2056 1225 2115 ἀγχέμαχοι
1246 2057 1516 2114 θεράποντες·

371 2131 459 2185 γνῷ
481 2127 527 2171 δὲ
544 2128 612 2170 καὶ
630 2126 852 2185 Ἀτρείδης
872 2128 1124 2186 εὖρυκρείων
1144 2128 1423 2187 Ἀγαμέμνων

373 2198 422 2256 ἢν
442 2198 559 2255 ἄτην,
582 2197 644 2243 ὅτ’
666 2199 845 2257 ἄριστον
863 2198 1051 2257 Ἀχαιῶν
1072 2200 1195 2244 οὐδὲν
1215 2201 1360 2245 ἔτισεν
1372 2207 1408 2244 ¹².

141 2300 392 2368 Videtis,
424 2299 790 2367 Academici,
826 2319 1005 2375 quam
1046 2300 1194 2357 nihil
1235 2300 1309 2357 de
1357 2319 1463 2357 suo
1513 2308 1651 2377 agat
1691 2301 1898 2359 Patro-

141 2395 302 2464 clus3
363 2403 584 2471 quanta
640 2415 777 2452 cum
835 2396 1120 2473 religione
1177 2397 1252 2453 ad
1309 2398 1568 2454 amicum
1625 2400 1896 2456 remittat

140 2493 367 2560 omnia3
411 2493 570 2567 quod
600 2499 661 2549 et
689 2512 796 2567 per
824 2511 886 2549 se
917 2492 1324 2550 dulcissimum
1363 2499 1470 2561 est,
1502 2500 1565 2550 et
1592 2495 1896 2570 praecipue

141 2589 401 2663 pertinet
431 2588 504 2644 ad
527 2585 783 2644 Achillis
811 2586 1081 2663 gloriam.

223 2682 456 2740 Deinde
501 2682 649 2738 illud
695 2702 831 2738 cum
875 2683 1077 2757 primis
1119 2683 1515 2759 magnificum,
1547 2684 1703 2759 quod
1742 2704 1897 2742 mor-

140 2784 244 2835 tuo
285 2778 558 2836 Patroclo
604 2798 680 2834 ne
725 2777 886 2853 Ajax
934 2779 1171 2854 quidem
1220 2779 1561 2855 ingruentes
1606 2783 1895 2840 sustinere

141 2874 334 2932 valeat
362 2874 660 2949 TrojanOS,
693 2872 960 2932 Achilles
999 2875 1239 2932 inermis
1270 2895 1416 2933 voce
1447 2875 1737 2952 vultuque
1778 2886 1897 2935 ter-

139 2978 282 3027 reat.
370 2970 505 3038 Quo
547 2970 610 3025 in
652 2969 782 3026 loco
827 2971 940 3027 erit
981 2990 1171 3047 operae
1210 2972 1486 3046 pretium,
1518 2972 1565 3029 si
1600 2974 1897 3050 paulisper

142 3084 213 3122 ea
244 3066 372 3140 quis
409 3065 698 3140 respiciat,
735 3085 863 3141 quae
907 3066 1049 3124 alibi
1092 3068 1152 3123 in
1198 3068 1490 3125 consimili
1533 3071 1781 3128 materia
1821 3072 1894 3128 de

144 3159 434 3218 Diomede
465 3168 632 3218 erant
663 3151 838 3219 dicta.

601 3315 612 3326 .
647 3315 657 3325 .
693 3315 703 3326 .
735 3283 913 3339 Τυδεΐδῃ
936 3282 1140 3340 Διομήδεῖ
1159 3285 1342 3328 Πάλλας
1360 3282 1517 3340 Ἀθήνη

377 3353 487 3395 δῶκε
506 3352 632 3409 μένος
653 3354 721 3397 καὶ
743 3354 921 3411 θάρσος,
943 3354 994 3399 ἵν’
1017 3356 1198 3411 ἔκδηλος
1217 3356 1325 3411 μετὰ
1345 3357 1480 3400 πᾶσιν

377 3423 388 3439 D
516 3426 526 3441 Ι
677 3425 689 3440 Ι
847 3428 859 3443 9
896 3428 906 3443 λ
994 3427 1007 3442 Ι
1086 3428 1097 3442 )
1195 3429 1205 3445 ἱ
1264 3427 1285 3445 ’l

392 3431 617 3483 Αργειοισι
636 3445 821 3484 γενοιτο,
845 3428 907 3471 ιδε
928 3430 1054 3473 κλεος
1074 3428 1237 3472 εσθλον
1257 3446 1419 3484 αροιτο.

376 3496 471 3540 δαῖέ
489 3498 529 3540 οἱ
548 3497 596 3541 ἐκ
616 3499 799 3555 κόρυθός
819 3518 866 3544 τε
887 3501 955 3544 καὶ
975 3500 1161 3545 ἀσπίδος
1179 3500 1394 3556 ἀκάματον
1413 3503 1514 3558 πῦρ,

849 3606 873 3630 a
904 3599 957 3643 ΙΙ.
979 3599 1068 3644 xvi.
1094 3598 1194 3656 269.
