2320 4126
385 159 456 208 48
552 155 761 218 Poesin,
790 155 951 224 lapsis
975 153 1277 217 hominibus,
1305 153 1481 205 statim
1505 152 1864 222 svper-venisse.
1924 170 2084 204 PRAEL.
2106 171 2178 204 lv.

383 303 597 379 Atque
657 322 795 359 eum
859 302 1114 359 dicimus
1169 299 1561 367 Lamechum‚
1611 299 1781 375 cujus
1832 298 1991 355 filius
2034 305 2183 355 natu

385 403 582 458 minor
632 401 908 476 princeps
968 408 1097 457 erat
1151 395 1381 478 cithara
1432 397 1727 455 canendi&
1746 417 1758 455 ε
1824 416 1943 472 quo
1996 397 2186 454 credi-

385 499 565 556 bilius
589 517 717 556 esse
749 498 1043 565 videatur,
1074 503 1311 573 patrem
1345 496 1521 553 Poesi
1555 496 1848 572 originem
1881 494 2132 552 dedisse.

473 597 834 671 Quanquam
888 602 1065 652 erunt
1118 595 1388 663 fortasse,
1443 595 1544 670 qui
1599 594 1878 652 carminis
1931 593 2186 669 vestigia

384 695 581 753 multo
612 702 754 751 ante
779 694 997 750 vidisse
1030 712 1092 750 se
1123 700 1344 769 putent
1369 712 1381 750 :
1424 712 1621 768 neque
1653 693 1812 750 enim
1846 711 1968 748 non
1992 692 2187 767 poeti-

383 814 524 851 cum
557 793 783 868 aliquid
816 811 1026 850 sonare
1050 792 1247 867 ipsum
1280 790 1464 848 divini
1490 789 1726 847 Judicis
1756 790 2045 857 edictum,
2066 808 2185 864 quo

386 891 500 948 Ille
531 892 793 967 primum
825 890 1123 966 pravitate
1155 889 1351 964 lapsos
1393 883 1736 964 corripuith.
1827 888 2006 957 Quod
2038 907 2187 964 pace

385 990 641 1046 dixerim
692 989 912 1045 summi
953 987 1114 1045 illius
1159 988 1284 1054 viri,
1318 987 1419 1063 qui
1463 986 1660 1044 Sacrae
1692 986 1952 1044 Poeseos
1988 987 2186 1044 fontes

385 1086 510 1142 dux
552 1093 614 1143 et
652 1094 864 1143 auctor
903 1086 1076 1143 nobis
1117 1085 1386 1162 aperuit:
1436 1105 1618 1161 quem
1661 1105 1783 1142 non
1823 1085 1898 1142 ad
1936 1104 2084 1151 aras,
2116 1091 2186 1141 ut

384 1184 574 1252 aiunt,
622 1184 683 1240 in
737 1183 1079 1259 hujusmodi
1136 1203 1201 1241 re
1263 1185 1496 1252 sectari,
1551 1203 1720 1260 paene
1779 1183 1928 1241 mihi
1974 1183 2184 1260 religio

385 1289 495 1339 est.
586 1282 895 1354 Caeterum
927 1283 1302 1340 sanctissima
1332 1282 1516 1339 verba
1544 1264 1897 1339 audiamus?

503 1405 847 1463 Ἐπικατάρατος
868 1406 927 1451 σὺ
947 1405 1034 1450 ἀπὸ
1055 1406 1229 1450 πάντων
1250 1409 1338 1450 τῶν
1361 1409 1538 1462 κτηνῶν,

506 1480 576 1523 καὶ
597 1479 682 1524 ἀπὸ
704 1479 879 1524 πάντων
900 1483 987 1523 τῶν
1008 1478 1170 1538 θηρίων
1185 1483 1271 1523 τῶν
1293 1478 1363 1523 ἐπὶ
1385 1480 1462 1535 τῆς
1482 1480 1578 1537 γῆς·

506 1553 577 1596 ἐπὶ
599 1556 659 1613 τῷ
683 1551 836 1609 στήθει
859 1571 944 1598 σου
967 1553 1037 1596 καὶ
1059 1556 1111 1608 τῇ
1136 1552 1280 1610 κοιλίᾳ
1301 1551 1518 1610 πορεύσῃ,

505 1627 575 1670 καὶ
595 1629 677 1685 γῆν
698 1627 821 1685 φαγῇ
843 1626 992 1672 πάσας
1012 1626 1090 1672 τὰς
1110 1625 1271 1684 ἡμέρας
1292 1628 1368 1683 τῆς
1391 1627 1500 1682 ζωῆς
1522 1638 1621 1670 σου·

506 1700 575 1743 καὶ
596 1699 760 1757 ἔχθραν
781 1700 906 1756 θήσω
927 1699 1009 1744 ἀνὰ
1028 1699 1169 1757 μέσον
1191 1702 1276 1744 σοῦ
1299 1700 1368 1742 καὶ
1390 1699 1471 1743 ἀνὰ
1491 1699 1630 1757 μέσον
1651 1701 1728 1756 τῆς
1746 1699 1962 1757 γυναικὸς,

506 1774 576 1817 καὶ
597 1774 677 1817 ἀνὰ
696 1773 838 1830 μέσον
858 1776 937 1818 τοῦ
959 1773 1214 1831 σπέρματός
1235 1792 1320 1818 σου
1338 1773 1407 1817 καὶ
1424 1773 1505 1817 ἀνὰ
1520 1772 1661 1831 μέσον
1675 1776 1754 1817 τοῦ
1772 1772 2025 1832 σπέρματος
2041 1773 2185 1829 αὐτῆς·

506 1847 638 1892 αὐτός
659 1865 744 1891 σου
765 1845 948 1904 τηρήσει
973 1847 1188 1904 κεφαλὴν,

506 1920 576 1964 καὶ
598 1920 656 1964 σὺ
677 1918 883 1977 τηρήσεις
903 1921 1038 1965 αὐτοῦ
1058 1920 1262 1979 πτέρναν.

388 2044 644 2112 Deinde,
677 2065 965 2103 converso
997 2046 1071 2102 ad
1103 2045 1413 2103 foeminam
1446 2064 1738 2112 sermone,

507 2159 743 2218 πληθύνων
762 2161 970 2218 πληθυνῶ
991 2161 1070 2207 τὰς
1089 2160 1233 2207 λύπας
1255 2164 1341 2207 σοῦ
1362 2161 1432 2205 καὶ
1453 2162 1530 2206 τὸν
1552 2163 1800 2220 στεναγμόν
1821 2180 1920 2213 σου,

508 2235 554 2278 ἐν
574 2234 734 2281 λύπαις
754 2234 857 2291 τέξῃ
881 2234 1023 2287 τέκνα,

508 2308 578 2352 καὶ
598 2309 710 2367 πρὸς
730 2309 807 2352 τὸν
827 2308 963 2365 ἄνδρα
986 2326 1072 2352 σου
1094 2307 1119 2364 ἡ
1142 2307 1411 2367 ἀποστροφή
1435 2328 1535 2360 σου,

508 2382 577 2425 καὶ
599 2382 730 2427 αὐτός
752 2400 838 2426 σου
860 2380 1095 2439 κυριεύσει.

390 2513 705 2571 Postremo
738 2515 932 2571 virum
965 2515 1161 2590 ipsum
1194 2513 1556 2590 alloquitur:

508 2635 822 2695 ἐπικατάρατος
842 2635 866 2693 ἡ
889 2639 945 2695 γῇ
970 2637 1017 2681 ἐν
1037 2639 1129 2682 τοῖς
1151 2637 1298 2696 ἔργοις
1319 2651 1419 2682 σου·

508 2710 554 2755 ἐν
573 2710 734 2756 λύπαις
755 2711 880 2770 φαγῇ
903 2710 1037 2768 αὐτὴν
1058 2712 1207 2757 πάσας
1227 2712 1304 2757 τὰς
1324 2711 1487 2771 ἡμέρας
1507 2715 1584 2762 τῆς
1606 2715 1715 2772 ζωῆς
1737 2727 1835 2759 σου·

508 2785 695 2831 ἀκάνθας
717 2785 787 2829 καὶ
809 2787 1047 2843 τριβόλους
1068 2785 1270 2829 ἀνατελεῖ
1291 2805 1381 2839 σοι,

510 2860 580 2902 καὶ
601 2860 724 2917 φαγῇ
748 2859 825 2903 τὸν
845 2860 1011 2918 χόρτον
1032 2861 1110 2902 τοῦ
1131 2858 1285 2917 ἀγροῦ

510 2931 556 2974 ἐν
578 2931 727 2989 ἱδρῶτι
749 2933 827 2974 τοῦ
848 2932 1093 2989 προσώπου
1116 2949 1202 2974 σου
1223 2932 1348 2990 φαγῇ
1371 2933 1448 2976 τὸν
1469 2931 1602 2991 ἄρτον
1624 2951 1725 2985 σου,

509 3004 589 3049 ἕως
609 3006 687 3047 τοῦ
708 3003 998 3062 ἀποστρέψαι
1019 3022 1075 3048 σε
1096 3003 1158 3049 εἷς
1178 3004 1256 3060 τὴν
1276 3007 1359 3063 γῆν
1381 3004 1430 3062 ἐξ
1450 3004 1500 3061 ἧς
1522 3004 1736 3063 ἐλήφθης·

510 3077 577 3121 ὅτι
599 3079 655 3135 γῆ
673 3073 725 3129 εἷ,

509 3149 579 3194 καὶ
601 3150 662 3196 εἷς
682 3151 764 3208 γῆν
785 3147 1025 3206 ἀπελεύσῃ.

392 3270 692 3338 Profect0‚
735 3269 797 3326 ni
842 3268 1033 3338 fallor,
1080 3270 1287 3328 subest
1334 3270 1443 3339 his,
1491 3272 1799 3330 obscurior
1839 3273 1999 3343 licet,
2039 3253 2192 3333 PoeZ

390 3387 521 3425 seos
561 3387 766 3443 sapor:
814 3366 920 3425 sed
961 3385 1089 3423 rem
1132 3370 1572 3427 committimus
1603 3371 1914 3429 doctarum
1953 3374 2190 3431 aurium

692 3555 712 3588 g
748 3551 862 3596 Gen.
886 3552 946 3599 iv.
973 3568 1045 3598 21.
1433 3553 1458 3584 h
1493 3553 1608 3598 Gen.
1631 3554 1692 3598 iii.
1717 3569 1787 3609 14.
1809 3563 1893 3600 etc.
