2320 4126
205 287 360 321 PRAEL.
380 286 493 319 xm.
556 265 833 334 Shaksperi
858 265 918 316 de
943 281 1138 316 summa
1165 257 1314 333 Reip.
1340 265 1600 317 sententia.
1851 267 1958 319 223

205 409 384 465 etiam
435 407 609 463 enixe
653 399 1024 481 adjuverunt,
1072 410 1360 480 quantum
1409 406 1647 480 quidem
1707 404 1764 462 in
1819 402 1957 481 ipsis

202 503 378 561 erat.”
475 496 839 569 Extiterunt,
888 501 1094 567 fateor,
1150 518 1300 556 unus
1349 500 1594 556 fortasse
1653 506 1716 556 et
1773 500 1956 557 alter:

202 614 533 675 quanquam
554 604 615 654 et
636 599 709 654 de
725 598 815 654 his
830 597 1100 653 dubitare
1113 597 1297 671 possit
1316 595 1543 670 aliquis,
1556 615 1631 652 an
1651 595 1868 653 rectius
1888 591 1959 652 iis

203 698 318 754 sint
354 694 792 758 adnumerandi,
824 694 923 768 qui
962 711 1081 748 non
1112 698 1235 749 tam
1281 693 1406 748 nati
1438 684 1752 748 videantur
1782 712 1958 768 quam

203 791 342 848 facti
393 787 825 864 quodammodo
886 783 1102 845 Poetae.
1211 779 1441 846 Verum
1503 789 1831 856 extiterint,
1889 808 1957 845 ac

201 885 417 942 fuerint
461 884 756 959 primarii3
801 902 945 939 num
982 891 1222 958 propter
1259 904 1445 940 unum
1485 890 1665 958 atque
1702 884 1954 941 alterum

200 1000 436 1037 necesse
460 987 549 1036 est
571 980 731 1036 omni
750 998 925 1036 causa
943 976 1251 1037 cadamus?
1284 979 1465 1047 Quasi
1487 992 1624 1036 vero
1645 978 1954 1055 quisquam

202 1078 465 1134 omnium
508 1083 774 1132 nostrum
821 1094 939 1131 non
983 1074 1265 1149 plurimas
1313 1075 1486 1132 simul
1535 1084 1672 1152 agat
1723 1086 1953 1152 partes;

199 1172 361 1249 quasi
384 1193 502 1229 non
522 1168 737 1229 Poetas
760 1190 994 1246 quoque
1020 1172 1311 1228 variantes
1343 1172 1550 1247 saepius
1574 1173 1754 1229 animi
1781 1174 1954 1232 affec-

198 1278 293 1326 tus
326 1269 479 1325 varie
510 1268 752 1324 turbent
782 1275 960 1342 atque
984 1264 1210 1335 ferant3
1241 1268 1405 1342 quasi
1430 1268 1684 1343 denique
1715 1288 1954 1327 necesse

198 1366 273 1421 sit
296 1366 550 1420 eundem
573 1384 677 1439 per
701 1365 897 1419 omnia
919 1363 1027 1419 sibi
1053 1370 1339 1420 constare.
1396 1363 1687 1438 Suscepto
1711 1366 1952 1441 negotio

196 1461 335 1518 satis
365 1467 489 1517 erat
527 1461 767 1527 factum,
800 1460 1022 1535 opinor,
1055 1460 1375 1516 dummodo
1414 1467 1476 1517 et
1518 1480 1706 1517 causae
1745 1481 1952 1537 graves

197 1556 594 1622 ostendantur,
654 1561 892 1630 propter
949 1573 1092 1629 quas
1152 1548 1433 1612 credibile
1490 1556 1566 1611 sit
1636 1555 1951 1613 abhorrere

195 1671 231 1709 a
287 1652 446 1727 vulgi
506 1652 830 1709 rationibus
890 1651 1200 1708 Musarum
1261 1652 1495 1718 amicos,
1556 1658 1617 1708 et
1676 1670 1767 1708 res
1826 1652 1951 1727 ipsa

194 1747 529 1824 planissime
560 1749 784 1814 doceat,
815 1741 1136 1803 maximam
1168 1754 1397 1822 partem
1428 1748 1823 1804 abhorruisse.

279 1845 452 1913 Quod
498 1845 544 1902 si
575 1864 751 1920 quem
796 1863 981 1900 unum
1027 1845 1213 1900 instar
1257 1844 1522 1899 omnium
1569 1862 1785 1918 ponere
1817 1845 1947 1918 quis

193 1943 407 1999 audeat
466 1938 723 2016 exempli
781 1940 928 2004 locO,
977 1940 1157 1996 habet
1214 1940 1482 2015 profecto
1539 1938 1764 2016 Anglia
1822 1938 1946 1997 haec

191 2046 403 2106 nostra,
434 2037 796 2104 Academici,
828 2037 927 2111 qui
967 2035 1123 2092 haud
1159 2036 1400 2112 indigne
1434 2030 1678 2093 fortasse
1709 2055 1948 2111 respon-

193 2137 330 2192 deat
402 2154 505 2210 pro
571 2134 841 2190 universo
908 2132 1230 2188 Poetarum
1300 2131 1497 2188 choro.
1615 2131 1943 2200 Habemus),

190 2232 445 2306 inquam,
505 2247 803 2287 summum
861 2224 1183 2304 Tragoediae
1242 2228 1609 2296 antistitem;
1668 2230 1768 2304 qui
1825 2248 1943 2285 non

191 2327 373 2384 semel
409 2345 600 2401 neque
641 2322 914 2382 haesitans
951 2324 1270 2382 declaravit
1315 2343 1484 2382 suam
1526 2326 1600 2382 de
1643 2325 1945 2401 republica

194 2423 547 2481 sententiam
559 2430 588 2456 x
607 2441 620 2478 :

423 2546 577 2604 κρίνειν
597 2544 815 2605 τύραννον,
836 2547 920 2590 τῶν
940 2545 1023 2590 ὑπὸ
1046 2544 1269 2606 σκήπτρῳ,
1292 2545 1433 2603 φίλοι)

426 2618 563 2663 οὔδεις
582 2618 755 2663 δίκαιος·
788 2617 890 2661 ἔνθα
908 2620 948 2675 γ’
970 2617 1168 2674 ὑψιστοῦ
1190 2619 1303 2659 Θεοῦ

551 2689 721 2707 §29³

424 2760 481 2817 μὴ
505 2761 624 2816 δῆτα,
645 2760 701 2816 μὴ
724 2761 829 2816 δῆτ’,
851 2760 981 2818 ἄγνον
1002 2759 1034 2803 ὦ
1057 2762 1169 2802 Θεοῦ
1191 2759 1341 2812 σέβας,

422 2830 554 2888 ἴδοιμι
575 2831 792 2889 κρείσσον’
813 2831 999 2887 ἡττόνων
1020 2832 1219 2887 ὑπηκόον.

191 2933 344 2991 Sunt
373 2933 497 2989 haec
525 2931 778 3007 gemella
807 2931 979 3006 plane
1011 2930 1503 2998 Homericorum3

422 3051 498 3095 οὗκ
518 3051 680 3109 ἀγαθὸν
699 3049 1019 3109 πολυκοιρανίη·
1055 3046 1115 3095 εἷς
1135 3051 1330 3107 κοίρανος
1351 3046 1482 3102 ἔστω,

424 3121 484 3169 εἷς
501 3124 726 3176 βασιλεὺς,
748 3119 783 3184 ᾧ
804 3123 934 3166 ἔδωκε
955 3125 1122 3180 Κρόνου
1142 3125 1243 3168 παῖς
1263 3121 1569 3180 ἀγκυλομῆτεω

422 3198 641 3253 σκῆπτρον
660 3194 694 3240 τ’
717 3194 790 3251 ἠδὲ
813 3195 1032 3251 θέμιστας,
1055 3193 1123 3239 ἵνα
1144 3195 1306 3253 σφίσιν
1328 3194 1610 3251 ἐμβασιλεύῃ.

756 3356 775 3375 ³‘
805 3350 923 3406 Kiny
946 3349 1143 3393 Riclcard
1162 3349 1303 3394 II.viv.
1330 3363 1368 3393 1.
