2320 4126
366 1394 1031 1464 PRAELECTIO
1105 1397 1721 1465 UNDECIMA.

179 1781 451 1840 Expenditur
471 1785 661 1841 Lonqini
682 1785 857 1837 dictum,
884 1786 1136 1843 Odysseiam
1157 1802 1255 1843 prae
1281 1802 1327 1829 se
1346 1787 1476 1842 ferre
1495 1785 1725 1829 senectutis
1744 1784 1924 1827 indicia.

240 1856 314 1898 Sic
346 1871 437 1899 eam
473 1859 695 1900 convenire
724 1860 885 1910 nautis,
907 1865 956 1902 ut
989 1859 1171 1902 Iliadem
1201 1860 1424 1903 militibus.
1492 1859 1610 1907 Quid
1633 1859 1679 1901 in
1708 1872 1758 1900 ea
1787 1858 1931 1900 valeat

241 1926 387 1970 domus
406 1934 448 1971 et
468 1929 548 1971 otii
568 1929 838 1973 desiderium.

332 2111 543 2171 ENIO
588 2133 745 2169 nunc
789 2113 863 2169 ad
906 2113 1158 2170 alterum
1203 2114 1351 2170 illud
1394 2133 1584 2170 aureae
1621 2112 1933 2168 vetustatis

370 2210 660 2280 κειμηλίον,
712 2211 1090 2285 Odysseiam:
1158 2229 1293 2284 quae
1352 2210 1593 2284 quidem
1652 2209 1738 2265 ita
1795 2226 1933 2264 cum

183 2305 369 2363 Iliade
416 2308 703 2383 congruit,
750 2314 818 2363 ut
865 2307 1063 2363 locum
1126 2314 1327 2363 tamen
1386 2305 1647 2380 aliquem
1703 2305 1934 2361 dederit

182 2401 444 2460 molestis
487 2404 853 2478 quorundam
891 2402 1203 2459 hominum
1255 2402 1517 2477 argutiis,
1563 2420 1784 2467 eorum,
1831 2401 1932 2474 qui

187 2499 498 2556 manifesta
533 2501 730 2556 omnia
770 2501 830 2555 in
861 2499 1108 2555 dubium
1140 2517 1349 2553 vocare
1379 2504 1599 2553 amant.
1690 2496 1935 2571 Negant

184 2593 407 2650 scilicet
458 2595 583 2650 fieri
636 2595 912 2669 potuisse,
962 2602 1030 2650 ut
1087 2613 1163 2649 ex
1212 2613 1332 2648 uno
1391 2592 1719 2665 eodemque
1771 2592 1936 2647 fonte

189 2690 295 2745 rivi
330 2697 638 2746 manarent
673 2690 820 2746 adeo
852 2689 1195 2756 dissimiles3
1243 2688 1576 2744 Homerum
1607 2695 1711 2744 aut
1752 2688 1939 2742 nemi-

188 2804 324 2841 nem
382 2805 641 2860 unquam
699 2787 986 2851 extitisse,
1037 2792 1141 2841 aut
1192 2792 1353 2840 certe
1410 2784 1592 2839 alium
1644 2784 1939 2857 quendam

184 2880 385 2955 Trojae,
444 2881 624 2937 alium
683 2881 903 2938 Ithacae
962 2881 1139 2938 fuisse
1197 2887 1528 2936 autumant.
1646 2879 1765 2936 Sed
1824 2898 1937 2954 ego

189 2976 533 3034 ratiunculis
584 2996 806 3044 eorum,
856 2976 1221 3043 Academici,
1271 2977 1652 3051 supersedere
1704 2976 1938 3032 decrevi

192 3070 302 3128 hoc
345 3079 649 3148 tempore:
709 3074 924 3148 partim
961 3074 1086 3147 jam
1139 3080 1317 3129 antea
1359 3073 1516 3139 satis»,
1561 3079 1630 3127 ut
1673 3071 1941 3136 arbitror,

191 3169 484 3242 explosis3
528 3189 666 3226 nam
696 3169 973 3244 pleraque
1004 3189 1226 3235 eorum,
1259 3188 1388 3243 quae
1412 3170 1485 3224 de
1517 3168 1706 3224 Iliade
1741 3186 1847 3223 nos
1877 3168 1938 3222 in

193 3262 343 3320 hanc
377 3271 606 3338 partem
637 3265 1081 3340 disputavimus,
1113 3265 1277 3320 nullo
1318 3265 1558 3340 negotio
1602 3264 1719 3319 huc
1756 3271 1943 3319 trans-

194 3357 329 3414 ferri
351 3367 667 3433 poterunt:
713 3367 969 3429 caeteraS,
995 3380 1105 3417 suo
1123 3379 1368 3435 quaeque
1399 3360 1545 3426 loco,
1571 3379 1647 3415 ex
1677 3379 1740 3415 re
1771 3367 1833 3415 et
1864 3379 1939 3416 ex

199 3459 481 3528 tempore,
511 3462 579 3511 ut
608 3463 832 3530 poter0,
863 3457 1196 3530 expediam.

255 3547 459 3623 Atque
491 3551 585 3607 hic
617 3553 785 3607 venia
813 3552 888 3608 sit
918 3551 1221 3607 adhibenti
1251 3551 1413 3608 illam
1445 3552 1608 3625 quasi
1632 3551 1944 3608 formulam
