2320 4126
155 280 307 318 PRAEL.
335 286 386 317 x.
537 263 825 334 prasertim
850 261 944 314 ubi.
960 262 1020 314 de
1045 260 1291 312 Leonibus
1315 261 1503 330 agitur.
1755 299 1757 301 .
1800 261 1904 315 149

155 414 304 469 bene
361 416 578 465 norunt
635 409 748 464 ista
804 412 1207 482 perscrutetur
1278 402 1477 479 paullo
1551 405 1901 459 accuratius.

157 508 431 581 Suspicor
479 506 655 580 plane
706 524 775 560 ea
821 523 939 559 non
991 503 1279 558 minorem
1328 500 1593 556 veritatis
1652 499 1905 555 admira-

155 605 373 660 tionem
425 620 602 675 quam
654 601 874 676 ingenii
923 599 1233 655 habitura:
1294 616 1438 671 quae,
1483 602 1552 651 ut
1603 615 1761 651 nunc
1811 614 1904 651 res

155 706 261 765 est,
309 717 425 753 non
472 698 690 772 frigent
748 695 850 751 illa
896 695 1152 769 quidem,
1202 695 1320 751 suis
1370 700 1574 750 tamen
1631 691 1906 748 laudibus

155 813 364 870 magna
393 813 466 849 ex
499 801 664 868 parte
696 799 932 848 carent:
975 774 1094 847 non
1124 790 1301 847 modo
1332 796 1573 865 propter
1593 788 1905 845 materiem

155 892 362 948 nostris
406 890 588 946 oculis
632 889 806 944 nimis
856 887 1126 954 alienam,
1173 907 1379 944 verum
1432 887 1614 942 etiam
1647 891 1907 960 propter

156 987 404 1048 insulsos
444 987 787 1052 imitatoreS,
819 985 917 1059 qui
961 983 1188 1041 belluas
1228 984 1338 1040 sibi
1372 983 1611 1058 penitus
1654 982 1903 1057 ignotaS,

156 1083 355 1141 multis
374 1085 501 1158 jam
533 1081 775 1148 saeculiS,
808 1080 1074 1137 Homero
1105 1087 1363 1146 auctore,
1396 1086 1633 1137 canunt.
1695 1078 1906 1135 Nolite

154 1188 351 1238 autem
417 1187 625 1255 putare
683 1197 786 1234 vos
851 1179 1058 1234 eadem
1122 1177 1319 1253 legere
1382 1177 1562 1234 toties
1634 1177 1904 1251 repetita,

152 1278 382 1353 quoties
442 1277 502 1331 in
563 1275 751 1331 Iliade
809 1274 1008 1331 leones
1066 1274 1462 1329 nominantur.
1593 1271 1906 1347 Nusquam

154 1374 452 1450 potentius
482 1379 585 1429 aut
615 1372 762 1447 legit
793 1379 897 1427 aut
927 1372 1113 1427 variat
1144 1370 1463 1445 imagines:
1497 1369 1682 1426 oculis
1705 1370 1905 1426 videre

154 1471 419 1527 videmur
474 1489 578 1545 per
636 1470 880 1525 dumeta
937 1468 1194 1524 ferocem
1242 1467 1510 1533 bestiam,
1562 1486 1719 1523 nunc
1768 1467 1906 1523 insi-

153 1568 394 1624 lientem
439 1566 691 1623 stabulis
724 1573 1044 1641 pastorum,
1075 1584 1232 1621 nunc
1261 1564 1414 1631 telis,
1446 1583 1605 1620 nunc
1648 1563 1905 1620 clamore

154 1669 451 1730 vexatum,
516 1683 672 1720 nunc
741 1663 988 1738 dapibus
1051 1663 1169 1719 suis
1226 1663 1542 1729 intentum,
1604 1680 1754 1718 caesa
1809 1661 1905 1718 vel

152 1779 323 1835 capra
351 1759 444 1816 vel
474 1760 796 1827 hinnuleo3
841 1779 999 1816 nunc
1031 1759 1155 1834 (qui
1196 1778 1324 1816 mos
1365 1765 1455 1816 est
1494 1758 1635 1836 illis)
1678 1758 1904 1816 catulos

132 1875 250 1912 *ore
281 1855 509 1912 solicite
539 1852 946 1931 portantemd:

382 2003 486 2049 Αἴας
507 2004 542 2048 δ’
564 2004 678 2063 ἀμφὶ
701 2005 957 2060 Μενοιτιάδῃ
978 2005 1114 2050 σάκος
1135 2005 1234 2062 εὐρὺ
1255 2003 1471 2062 καλύψας,

379 2075 565 2132 ἑστῆκει,
588 2078 644 2123 ὥς
665 2077 728 2122 τίς
749 2095 795 2120 τε
815 2075 925 2120 λε’ων
944 2078 1044 2135 περὶ
1065 2074 1154 2122 οἶσι
1175 2076 1393 2128 τέκεσσιν,

381 2145 417 2208 ᾧ
436 2148 490 2206 ῥά
513 2167 558 2192 τε
577 2148 686 2205 νήπι’
708 2149 856 2206 ἄγοντι
878 2148 1228 2205 συναντήσωνται
1250 2150 1295 2194 ἐν
1315 2149 1398 2205 ὕλῃ

382 2221 534 2278 ἄνδρες
554 2222 799 2279 ἐπακτῆρες·
834 2225 857 2265 ὁ
879 2221 926 2266 δέ
947 2242 994 2266 τε
1016 2222 1161 2267 σθένεϊ
1178 2223 1438 2279 βλεμεαίνει·

382 2295 466 2336 πᾶν
487 2292 533 2336 δέ
554 2292 589 2336 τ’
613 2293 859 2338 ἐπισκύνιον
880 2295 992 2356 κᾴτω
1014 2294 1201 2346 ἕλκεται,
1224 2294 1338 2339 ὄσσε
1359 2293 1600 2339 καλύπτων·

382 2364 440 2408 ὣς
460 2362 564 2409 Αΐας
584 2365 683 2421 περὶ
704 2367 945 2425 Πατρόκλῳ
967 2366 1074 2423 ἥρωϊ
1090 2366 1283 2423 βεβήκει.

154 2552 159 2556 .
233 2506 439 2565 Asiam
481 2527 551 2565 ea
596 2510 809 2576 omnia,
851 2530 970 2566 non
1015 2511 1314 2586 Europam
1359 2515 1611 2588 sapiunt.
1704 2514 1901 2582 *Quod

150 2611 213 2664 et
252 2606 308 2661 in
347 2604 476 2662 aliis
507 2605 643 2662 feris
686 2615 945 2681 apparet,
977 2627 1053 2664 ex
1097 2609 1309 2682 quibus
1347 2610 1647 2667 interdum
1688 2610 1900 2668 similia

149 2698 284 2756 duci
328 2700 626 2762 videmus:
669 2702 870 2776 quales
915 2711 1052 2760 sunt
1089 2711 1220 2760 tum
1267 2704 1411 2767 Θῶες
1449 2705 1536 2762 1111
1571 2706 1897 2785 ω’μόφαγοι,

150 2797 436 2854 notissimi
459 2797 700 2853 leonum
724 2805 853 2855 toto
877 2798 1124 2857 Oriente
1147 2801 1411 2869 comites,
1430 2809 1561 2859 tum
1582 2802 1897 2872 Panthera,

149 2891 387 2949 minoris
417 2891 599 2961 Asiae,
632 2894 929 2952 Ciceronis
958 2915 1192 2972 quoque
1223 2900 1604 2975 temporibus,
1635 2900 1894 2958 incolae:

149 2987 312 3062 cujus
351 2990 774 3047 atrocissimam
805 2991 1214 3050 fortitudinem
1247 2995 1547 3053 Homerus
1576 3004 1700 3054 tam
1741 2997 1896 3055 clare

150 3083 431 3160 depingit,
476 3092 544 3142 ut
595 3105 721 3143 rem
767 3088 890 3159 sibi,
916 3109 1035 3146 non
1080 3090 1264 3148 semel
1309 3093 1494 3151 visam
1539 3114 1662 3170 prae
1711 3095 1896 3152 oculis

134 3196 362 3252 ‚ponere
389 3177 699 3238 videaturf.

384 3354 596 3367 ........
611 3322 798 3381 Ἀχιλῆα
817 3325 936 3371 ἀλεὶς
954 3325 1094 3383 με’τεν·
1112 3327 1173 3371 >ἐν
1194 3327 1240 3371 δέ
1261 3330 1302 3371 οἱ
1322 3327 1428 3385 ἦτορ

378 3393 557 3450 ὅλκιμον
576 3395 747 3452 ὡρμᾶτο
767 3399 1039 3455 πτολεμίζειν
1059 3397 1143 3454 ἠδὲ.
1153 3400 1389 3457 μάχεσθαι.

124 3598 164 3626 ‘⁶
195 3601 245 3646 11.
267 3603 370 3649 xvii.
397 3619 493 3662 132.
694 3615 709 3633 e
734 3608 820 3653 Ad.
847 3609 1343 3667 Fam.vffi.9.eta11bi.
1547 3613 1561 3638 f
1591 3614 1643 3658 11.
1666 3616 1756 3659 xxi.
1778 3603 1880 3674 57'1·
