2320 4126
116 276 270 309 PRAEL.
287 274 357 306 xl.
444 252 613 320 Ulyssi
636 249 833 303 erranti
842 250 912 317 fit
934 245 1129 299 obviam
1153 243 1331 313 ubique
1359 242 1543 295 Otium.
1751 239 1848 289 181

118 401 292 459 Alter
334 415 541 473 specus
591 395 847 471 apertior
897 399 1023 448 erat
1074 396 1135 446 et
1185 388 1373 453 latior,
1415 393 1477 443 et
1519 384 1870 441 hominibus·

117 513 350 554 accessu
379 492 635 559 facilior3
681 490 844 565 quasi
874 486 1168 563 quoddam
1198 484 1415 541 atrium
1445 480 1856 556 Nympharum

119 590 329 650 sacello
359 593 775 665 praestruatur3
821 592 998 659 atque
1033 583 1129 639 hio
1158 579 1538 638 hecatombas
1574 595 1707 635 suas
1736 596 1877 633 ore-¹

119 687 293 745 dibile
324 692 413 742 est
443 690 730 741 mactasse
762 681 1118 738 Ithaeenses.
1178 677 1371 744 Hanc,
1401 682 1470 731 ut
1499 674 1640 739 dixi,
1661 673 1861 749 digitis

115 789 398 840 monstrat
445 780 748 837 Minerva:
797 777 1044 847 alteram
1088 794 1206 832 non
1249 775 1309 830 in
1355 776 1676 846 conspeetu
1720 769 1859 845 poni

119 879 438 956 significat3

348 994 423 1050 ἥδε
443 992 479 1037 δ’
503 993 573 1036 ἐπὶ
593 992 746 1050 κράτος
764 991 936 1048 λίμενος
956 988 1234 1046 τανύφυλλος
1254 987 1391 1042 ἐλαίη,

349 1065 504 1124 ἅγχοθι
525 1064 560 1108 δ’
583 1065 710 1121 αὐτῆς
729 1063 881 1120 ἄντρον
887 1094 1277 1108 ..............

118 1169 320 1244 Atque
362 1168 458 1225 hio
500 1168 745 1224 fortasse
788 1166 952 1223 nimii
998 1180 1234 1222 sumus:
1279 1162 1381 1219 sed
1410 1168 1628 1218 norunt
1670 1160 1864 1236 periti,

120 1264 471 1340 quaestiones
499 1263 674 1321 hasce
703 1264 764 1319 in
794 1261 1102 1319 minutulis
1131 1259 1305 1316 rebus
1334 1258 1502 1314 verti.

206 1443 484 1501 Proximo
527 1426 674 1499 loeo'
702 1440 849 1497 illud
890 1440 1003 1496 erit
1047 1438 1541 1514 expendendum3
1588 1436 1743 1511 quod
1774 1443 1867 1492 tot

123 1559 302 1598 annos
358 1541 735 1616 navigantem
798 1536 1092 1613 Ulyssem,
1152 1543 1244 1592 tot
1302 1535 1504 1592 littora
1551 1542 1612 1591 et
1670 1541 1867 1609 portas

125 1639 455 1705 devectum,
483 1637 704 1712 ubique
739 1635 924 1692 ferme
965 1634 1186 1708 exeipit
1215 1632 1601 1707 tranquillum
1634 1629 1867 1687 vivendi

123 1753 321 1812 genUS,
334 1752 449 1808 quo
468 1733 554 1800 fit,
574 1739 642 1789 ut
664 1731 827 1788 nullo
847 1750 965 1787 non
982 1738 1251 1805 tempore
1267 1730 1475 1786 subeat
1496 1728 1870 1785 moestissima

125 1830 324 1906 patriae
347 1836 409 1886 et
439 1830 547 1886 otii
571 1828 915 1886 recordatio
962 1826 1125 1895 Quot
1147 1827 1355 1883 habuit
1378 1825 1533 1882 orbis
1556 1824 1657 1881 ille
1680 1824 1870 1882 heroi-

125 1944 225 1983 cus
253 1943 471 2001 genera
500 1930 562 1980 et
593 1923 809 1980 formas
840 1941 1042 1979 secure
1073 1921 1343 1998 degendi,
1375 1921 1621 1978 veniunt
1655 1922 1715 1977 in
1746 1923 1870 1997 ejus

125 2020 433 2079 circuitum
481 2019 707 2075 omnia:
753 2037 871 2074 non
907 2018 1108 2074 dedita
1151 2018 1447 2093 scriptoris
1491 2037 1682 2092 opera,
1715 2019 1869 2092 quod

47 2105 54 2112 ⁸
124 2116 439 2174 molestum
471 2116 622 2173 foret
662 2134 730 2172 ao
765 2115 1058 2190 putidum,
1090 2116 1193 2171 sed
1223 2115 1500 2190 quoniam
1530 2115 1615 2172 ita
1643 2114 1871 2171 ferebat

126 2214 306 2270 tacita
334 2212 599 2288 quaedam
636 2211 907 2268 carminis
950 2210 1066 2278 lex,
1107 2211 1454 2285 animusque
1498 2212 1582 2268 rei
1626 2212 1871 2287 poetioae

121 2309 369 2367 divinus,

211 2403 523 2480 Principi0‚
558 2404 939 2481 Lotophagos
969 2405 1110 2472 adit,
1141 2405 1409 2463 homines
1445 2406 1874 2481 simplicissima

128 2503 248 2558 vita
276 2502 570 2575 victuque,
603 2508 664 2557 et
695 2501 804 2557 sub
835 2501 1058 2557 fervido
1091 2500 1232 2558 Solo
1264 2503 1582 2577 degentes:
1628 2523 1762 2560 nam
1800 2506 1872 2560 ad

127 2615 225 2654 eos
273 2596 718 2653 meridionalem
770 2615 1007 2654 cursum
1060 2617 1273 2654 novem
1326 2599 1532 2655 diebus
1584 2619 1618 2656 a
1672 2599 1874 2656 Malea

126 2693 361 2749 conficit
392 2691 662 2768 UlyssesS
687 2713 699 2750 ι

365 2847 638 2858 ..........
654 2814 787 2871 αὐτὰρ
809 2814 962 2869 δεκάτῃ
984 2813 1196 2870 ἐπέβημεν

360 2884 484 2941 γαίης
505 2885 796 2943 Λωτοφάγων,
819 2884 894 2930 οἵτ’
917 2886 1086 2931 ἄνθινον
1107 2885 1224 2944 εἶδαρ
1247 2887 1436 2932 ἔδουσιν.
1456 2923 1465 2932 .
1487 2922 1495 2932 .
1516 2923 1524 2933 .

362 2955 449 3000 οὔδ’
473 2955 555 3014 ἄρα
577 2959 835 3016 Λωτοφάγοι
854 2957 1028 3016 μήδονθ’
1053 2960 1270 3017 ἑτάροισιν
1291 2960 1474 3018 ὄλεθρον

362 3027 594 3085 ἡμετέροις,
616 3029 731 3073 ἀλλά
752 3031 839 3088 σφι
861 3031 997 3075 δόσαν
1016 3034 1175 3075 λωτοῖο
1195 3033 1436 3077 πασάσθαι·

362 3104 446 3144 τῶν
466 3098 504 3143 δ’
526 3099 648 3147 ὅστις
667 3104 825 3146 λωτοῖο
847 3104 984 3162 φάγοι
1003 3104 1207 3160 μελιηδέα
1228 3107 1403 3162 καρπόν,

363 3170 495 3215 οὔατ’
518 3172 776 3231 ἀπαγγεῖλαι
796 3175 928 3219 πάλιν
948 3175 1116 3231 ἤθελεν,
1139 3176 1237 3219 οὐδὲ
1259 3176 1447 3228 νεέσθαι,

362 3242 476 3285 ἀλλὰ
497 3243 626 3288 αὐτοῦ
645 3244 859 3297 βούλοντο
879 3245 968 3302 μετ’
990 3247 1174 3304 ἀνδράσι
1195 3248 1529 3304 Λωτοφάγοισιν

362 3314 503 3357 λωτὸν
523 3314 796 3373 ἐρεπτόμενοι
817 3318 1008 3374 μενέμεν,
1031 3321 1188 3363 νόστου
1209 3338 1255 3362 τε
1275 3319 1502 3363 λαθέσθαι.

364 3384 462 3429 τοὺς
481 3385 558 3441 μὲν
579 3387 687 3445 ἐγὼν
707 3389 776 3432 ἐπὶ
798 3392 897 3446 νῆας
917 3390 1022 3448 ἆγον
1043 3391 1266 3436 κλαίοντας
1285 3390 1459 3449 ἀνάγκῃ,

364 3456 488 3509 νηυσὶ
509 3456 544 3500 δ’
569 3458 629 3502 ἐνὶ
648 3462 929 3517 γλαφυρῇσιν
949 3463 1031 3506 ὑπὸ
1055 3463 1159 3519 ζυγὰ
1179 3463 1292 3519 δῆσα
1313 3462 1518 3519 ἐρύσσας.

841 3586 859 3609 ⁸
894 3580 982 3624 Od.
1007 3581 1064 3623 ix.
1089 3582 1159 3638 83.
