<?xml version="1.0" encoding="UTF-8"?>
<!DOCTYPE html PUBLIC "-//W3C//DTD XHTML 1.0 Transitional//EN"
    "http://www.w3.org/TR/xhtml1/DTD/xhtml1-transitional.dtd">
<html xmlns="http://www.w3.org/1999/xhtml" xml:lang="en" lang="en">
 <head>
  <title>
</title>
<meta http-equiv="Content-Type" content="text/html;charset=utf-8" />
  <meta name='ocr-system' content='tesseract 3.04.00' />
  <meta name='ocr-capabilities' content='ocr_page ocr_carea ocr_par ocr_line ocrx_word'/>
</head>
<body>
  <div class='ocr_page' id='page_1' title='image "./a588873901kebluoft_0182.png"; bbox 0 0 2320 4126; ppageno 0'>
   <div class='ocr_carea' id='block_1_1' title="bbox 372 239 2171 310">
    <p class='ocr_par' dir='ltr' id='par_1_1' title="bbox 372 239 2171 310">
     <span class='ocr_line' id='line_1_1' title="bbox 372 239 2171 310; baseline 0 -19"><span class='ocrx_word' id='word_1_1' title='bbox 372 241 480 295; x_wconf 69' lang='lat'>172</span> <span class='ocrx_word' id='word_1_2' title='bbox 676 239 896 292; x_wconf 73' lang='lat' dir='ltr'>Indicia</span> <span class='ocrx_word' id='word_1_3' title='bbox 922 241 1151 293; x_wconf 70' lang='lat' dir='ltr'>veterani</span> <span class='ocrx_word' id='word_1_4' title='bbox 1176 240 1361 292; x_wconf 70' lang='lat' dir='ltr'>militis</span> <span class='ocrx_word' id='word_1_5' title='bbox 1386 239 1534 310; x_wconf 73' lang='lat' dir='ltr'>apud</span> <span class='ocrx_word' id='word_1_6' title='bbox 1562 239 1871 308; x_wconf 71' lang='lat' dir='ltr'>Odysseiam.</span> <span class='ocrx_word' id='word_1_7' title='bbox 1918 258 2077 292; x_wconf 82' lang='lat' dir='ltr'><strong>PRAEL.</strong></span> <span class='ocrx_word' id='word_1_8' title='bbox 2098 259 2171 291; x_wconf 81' lang='lat' dir='ltr'>xi.</span> 
     </span>
    </p>
   </div>
   <div class='ocr_carea' id='block_1_2' title="bbox 370 384 2170 761">
    <p class='ocr_par' dir='ltr' id='par_1_2' title="bbox 370 384 2170 761">
     <span class='ocr_line' id='line_1_2' title="bbox 458 384 2170 463; baseline 0.001 -20"><span class='ocrx_word' id='word_1_9' title='bbox 458 386 819 463; x_wconf 82' lang='lat' dir='ltr'>Quanquam</span> <span class='ocrx_word' id='word_1_10' title='bbox 858 387 1008 444; x_wconf 85' lang='lat' dir='ltr'>seire</span> <span class='ocrx_word' id='word_1_11' title='bbox 1045 405 1188 444; x_wconf 89' lang='lat' dir='ltr'>sane</span> <span class='ocrx_word' id='word_1_12' title='bbox 1231 385 1430 453; x_wconf 92' lang='lat' dir='ltr'>velim,</span> <span class='ocrx_word' id='word_1_13' title='bbox 1463 403 1736 461; x_wconf 85' lang='lat' dir='ltr'>quaenam</span> <span class='ocrx_word' id='word_1_14' title='bbox 1777 385 1839 441; x_wconf 90' lang='lat' dir='ltr'>in</span> <span class='ocrx_word' id='word_1_15' title='bbox 1879 384 2170 463; x_wconf 82' lang='lat' dir='ltr'>Odysseia</span> 
     </span>
     <span class='ocr_line' id='line_1_3' title="bbox 370 483 2167 560; baseline -0.001 -16"><span class='ocrx_word' id='word_1_16' title='bbox 370 486 787 544; x_wconf 81' lang='lat' dir='ltr'>desiderentur</span> <span class='ocrx_word' id='word_1_17' title='bbox 846 486 1112 543; x_wconf 85' lang='lat' dir='ltr'>veterani</span> <span class='ocrx_word' id='word_1_18' title='bbox 1175 485 1344 560; x_wconf 88' lang='lat' dir='ltr'>quasi</span> <span class='ocrx_word' id='word_1_19' title='bbox 1404 483 1615 541; x_wconf 89' lang='lat' dir='ltr'>militis</span> <span class='ocrx_word' id='word_1_20' title='bbox 1675 484 1912 542; x_wconf 81' lang='lat' dir='ltr'>indicia.</span> <span class='ocrx_word' id='word_1_21' title='bbox 2005 484 2167 543; x_wconf 90' lang='lat' dir='ltr'>Mihi</span> 
     </span>
     <span class='ocr_line' id='line_1_4' title="bbox 370 583 2167 662; baseline -0.001 -19"><span class='ocrx_word' id='word_1_22' title='bbox 370 586 614 662; x_wconf 92' lang='lat' dir='ltr'>quidem</span> <span class='ocrx_word' id='word_1_23' title='bbox 658 603 782 641; x_wconf 90' lang='lat' dir='ltr'>non</span> <span class='ocrx_word' id='word_1_24' title='bbox 827 584 1032 659; x_wconf 87' lang='lat' dir='ltr'>inepte</span> <span class='ocrx_word' id='word_1_25' title='bbox 1072 583 1135 639; x_wconf 93' lang='lat' dir='ltr'>in</span> <span class='ocrx_word' id='word_1_26' title='bbox 1176 583 1305 658; x_wconf 90' lang='lat' dir='ltr'>ejus</span> <span class='ocrx_word' id='word_1_27' title='bbox 1341 583 1621 640; x_wconf 82' lang='lat' dir='ltr'>carminis</span> <span class='ocrx_word' id='word_1_28' title='bbox 1655 583 1921 641; x_wconf 86' lang='lat' dir='ltr'>indolem</span> <span class='ocrx_word' id='word_1_29' title='bbox 1954 585 2167 642; x_wconf 87' lang='lat' dir='ltr'>cadere</span> 
     </span>
     <span class='ocr_line' id='line_1_5' title="bbox 370 679 2043 761; baseline -0.001 -19"><span class='ocrx_word' id='word_1_30' title='bbox 370 685 666 752; x_wconf 87' lang='lat' dir='ltr'>videntur,</span> <span class='ocrx_word' id='word_1_31' title='bbox 699 683 917 760; x_wconf 89' lang='lat' dir='ltr'>quibus</span> <span class='ocrx_word' id='word_1_32' title='bbox 948 701 1172 758; x_wconf 92' lang='lat' dir='ltr'>equum</span> <span class='ocrx_word' id='word_1_33' title='bbox 1204 700 1380 761; x_wconf 90' lang='lat' dir='ltr'>suum</span> <span class='ocrx_word' id='word_1_34' title='bbox 1412 679 1681 737; x_wconf 88' lang='lat' dir='ltr'>laudavit</span> <span class='ocrx_word' id='word_1_35' title='bbox 1716 680 2043 759; x_wconf 84' lang='lat' dir='ltr'>Virgilius:</span> 
     </span>
    </p>
   </div>
   <div class='ocr_carea' id='block_1_3' title="bbox 612 802 1867 1012">
    <p class='ocr_par' dir='ltr' id='par_1_3' title="bbox 612 802 1867 1012">
     <span class='ocr_line' id='line_1_6' title="bbox 615 802 1783 864; baseline -0.004 -12"><span class='ocrx_word' id='word_1_36' title='bbox 615 840 775 852; x_wconf 91' lang='grc'><strong>......</strong></span> <span class='ocrx_word' id='word_1_37' title='bbox 791 813 893 850; x_wconf 88' lang='lat' dir='ltr'>tum</span> <span class='ocrx_word' id='word_1_38' title='bbox 915 805 954 849; x_wconf 87' lang='lat' dir='ltr'>si</span> <span class='ocrx_word' id='word_1_39' title='bbox 976 819 1065 864; x_wconf 90' lang='lat' dir='ltr'>qua</span> <span class='ocrx_word' id='word_1_40' title='bbox 1087 818 1253 848; x_wconf 87' lang='lat' dir='ltr'>sonum</span> <span class='ocrx_word' id='word_1_41' title='bbox 1276 804 1438 862; x_wconf 90' lang='lat' dir='ltr'>procul</span> <span class='ocrx_word' id='word_1_42' title='bbox 1459 818 1585 847; x_wconf 87' lang='lat' dir='ltr'>arma</span> <span class='ocrx_word' id='word_1_43' title='bbox 1606 802 1783 857; x_wconf 86' lang='lat' dir='ltr'>dedere,</span> 
     </span>
     <span class='ocr_line' id='line_1_7' title="bbox 612 877 1843 930; baseline -0.002 -6"><span class='ocrx_word' id='word_1_44' title='bbox 612 879 740 924; x_wconf 85' lang='lat' dir='ltr'>Stare</span> <span class='ocrx_word' id='word_1_45' title='bbox 760 880 862 923; x_wconf 89' lang='lat' dir='ltr'>loco</span> <span class='ocrx_word' id='word_1_46' title='bbox 884 878 1059 930; x_wconf 87' lang='lat' dir='ltr'>nescit;</span> <span class='ocrx_word' id='word_1_47' title='bbox 1092 877 1231 922; x_wconf 88' lang='lat' dir='ltr'>micat</span> <span class='ocrx_word' id='word_1_48' title='bbox 1253 877 1441 922; x_wconf 85' lang='lat' dir='ltr'>auribus</span> <span class='ocrx_word' id='word_1_49' title='bbox 1463 884 1507 922; x_wconf 89' lang='lat' dir='ltr'>et</span> <span class='ocrx_word' id='word_1_50' title='bbox 1527 877 1681 921; x_wconf 89' lang='lat' dir='ltr'>tremit</span> <span class='ocrx_word' id='word_1_51' title='bbox 1701 885 1843 930; x_wconf 87' lang='lat' dir='ltr'>artus,</span> 
     </span>
     <span class='ocr_line' id='line_1_8' title="bbox 613 950 1867 1012; baseline -0.002 -13"><span class='ocrx_word' id='word_1_52' title='bbox 613 954 960 1012; x_wconf 88' lang='lat' dir='ltr'>Collectumque</span> <span class='ocrx_word' id='word_1_53' title='bbox 981 967 1193 1010; x_wconf 90' lang='lat' dir='ltr'>premens</span> <span class='ocrx_word' id='word_1_54' title='bbox 1216 951 1359 997; x_wconf 85' lang='lat' dir='ltr'>volvit</span> <span class='ocrx_word' id='word_1_55' title='bbox 1381 951 1468 995; x_wconf 91' lang='lat' dir='ltr'>sub</span> <span class='ocrx_word' id='word_1_56' title='bbox 1486 950 1675 995; x_wconf 85' lang='lat' dir='ltr'>naribus</span> <span class='ocrx_word' id='word_1_57' title='bbox 1696 950 1867 1009; x_wconf 86' lang='lat' dir='ltr'>ignem.</span> 
     </span>
    </p>
   </div>
   <div class='ocr_carea' id='block_1_4' title="bbox 370 1065 2174 3040">
    <p class='ocr_par' dir='ltr' id='par_1_4' title="bbox 457 1065 2167 1145">
     <span class='ocr_line' id='line_1_9' title="bbox 457 1065 2167 1145; baseline 0 -19"><span class='ocrx_word' id='word_1_58' title='bbox 457 1067 650 1127; x_wconf 91' lang='lat' dir='ltr'>Verbi</span> <span class='ocrx_word' id='word_1_59' title='bbox 709 1066 922 1145; x_wconf 84' lang='lat' dir='ltr'>gratia,</span> <span class='ocrx_word' id='word_1_60' title='bbox 986 1065 1236 1144; x_wconf 90' lang='lat' dir='ltr'>Ulysses</span> <span class='ocrx_word' id='word_1_61' title='bbox 1299 1065 1747 1143; x_wconf 76' lang='lat' dir='ltr'>Eurymachum</span> <span class='ocrx_word' id='word_1_62' title='bbox 1822 1066 2167 1143; x_wconf 79' lang='lat' dir='ltr'>alloquitur,</span> 
     </span>
    </p>

    <p class='ocr_par' dir='ltr' id='par_1_5' title="bbox 370 1162 1500 1242">
     <span class='ocr_line' id='line_1_10' title="bbox 370 1162 1500 1242; baseline -0.003 -17"><span class='ocrx_word' id='word_1_63' title='bbox 370 1168 571 1225; x_wconf 89' lang='lat' dir='ltr'>medio</span> <span class='ocrx_word' id='word_1_64' title='bbox 602 1167 894 1224; x_wconf 88' lang='lat' dir='ltr'>iratorum</span> <span class='ocrx_word' id='word_1_65' title='bbox 926 1184 1247 1242; x_wconf 79' lang='lat' dir='ltr'>procorum</span> <span class='ocrx_word' id='word_1_66' title='bbox 1280 1171 1442 1223; x_wconf 87' lang='lat' dir='ltr'>eoetu</span> <span class='ocrx_word' id='word_1_67' title='bbox 1454 1162 1500 1222; x_wconf 78' lang='lat' dir='ltr'>b.</span> 
     </span>
    </p>

    <p class='ocr_par' dir='ltr' id='par_1_6' title="bbox 611 1288 1702 1349">
     <span class='ocr_line' id='line_1_11' title="bbox 611 1288 1702 1349; baseline 0.001 -14"><span class='ocrx_word' id='word_1_68' title='bbox 611 1292 650 1335; x_wconf 89' lang='grc' dir='ltr'>εἶ</span> <span class='ocrx_word' id='word_1_69' title='bbox 671 1290 707 1335; x_wconf 85' lang='grc' dir='ltr'>δ’</span> <span class='ocrx_word' id='word_1_70' title='bbox 731 1289 785 1336; x_wconf 79' lang='grc' dir='ltr'>αὗ</span> <span class='ocrx_word' id='word_1_71' title='bbox 806 1292 877 1335; x_wconf 87' lang='grc' dir='ltr'>καὶ</span> <span class='ocrx_word' id='word_1_72' title='bbox 897 1292 1095 1348; x_wconf 87' lang='grc' dir='ltr'>πόλεμόν</span> <span class='ocrx_word' id='word_1_73' title='bbox 1115 1289 1251 1335; x_wconf 86' lang='grc' dir='ltr'>ποθεν</span> <span class='ocrx_word' id='word_1_74' title='bbox 1272 1288 1483 1348; x_wconf 84' lang='grc' dir='ltr'>ὁρμήσειε</span> <span class='ocrx_word' id='word_1_75' title='bbox 1505 1290 1702 1349; x_wconf 86' lang='grc' dir='ltr'>Κρονίων</span> 
     </span>
    </p>

    <p class='ocr_par' dir='ltr' id='par_1_7' title="bbox 612 1362 1708 1424">
     <span class='ocr_line' id='line_1_12' title="bbox 612 1362 1708 1424; baseline -0.003 -13"><span class='ocrx_word' id='word_1_76' title='bbox 612 1363 822 1424; x_wconf 90' lang='grc' dir='ltr'>σήμερον,</span> <span class='ocrx_word' id='word_1_77' title='bbox 844 1364 982 1422; x_wconf 80' lang='grc' dir='ltr'>αὐτὰρ</span> <span class='ocrx_word' id='word_1_78' title='bbox 1005 1364 1101 1422; x_wconf 82' lang='grc' dir='ltr'>ἐμοὶ</span> <span class='ocrx_word' id='word_1_79' title='bbox 1123 1365 1261 1410; x_wconf 87' lang='grc' dir='ltr'>σακὸς</span> <span class='ocrx_word' id='word_1_80' title='bbox 1282 1362 1346 1421; x_wconf 79' lang='grc' dir='ltr'>ε’ίη</span> <span class='ocrx_word' id='word_1_81' title='bbox 1370 1364 1439 1408; x_wconf 87' lang='grc' dir='ltr'>καὶ</span> <span class='ocrx_word' id='word_1_82' title='bbox 1462 1362 1540 1408; x_wconf 79' lang='grc' dir='ltr'>δύο</span> <span class='ocrx_word' id='word_1_83' title='bbox 1563 1365 1708 1423; x_wconf 83' lang='grc' dir='ltr'>δοῦρε,</span> 
     </span>
    </p>

    <p class='ocr_par' dir='ltr' id='par_1_8' title="bbox 612 1437 1692 1497">
     <span class='ocr_line' id='line_1_13' title="bbox 612 1437 1692 1497; baseline -0.002 -13"><span class='ocrx_word' id='word_1_84' title='bbox 612 1440 681 1484; x_wconf 87' lang='grc' dir='ltr'>καὶ</span> <span class='ocrx_word' id='word_1_85' title='bbox 703 1438 827 1496; x_wconf 85' lang='grc' dir='ltr'>κυνέη</span> <span class='ocrx_word' id='word_1_86' title='bbox 850 1439 1110 1497; x_wconf 80' lang='grc' dir='ltr'>πάγχαλκος</span> <span class='ocrx_word' id='word_1_87' title='bbox 1131 1437 1204 1482; x_wconf 77' lang='grc' dir='ltr'>ἐπὶ</span> <span class='ocrx_word' id='word_1_88' title='bbox 1225 1438 1467 1497; x_wconf 83' lang='grc' dir='ltr'>κροτάφοις</span> <span class='ocrx_word' id='word_1_89' title='bbox 1489 1438 1692 1497; x_wconf 86' lang='grc' dir='ltr'>ἀραρυῖα,</span> 
     </span>
    </p>

    <p class='ocr_par' dir='ltr' id='par_1_9' title="bbox 370 1510 2171 1900">
     <span class='ocr_line' id='line_1_14' title="bbox 610 1510 1805 1574; baseline -0.001 -16"><span class='ocrx_word' id='word_1_90' title='bbox 610 1517 671 1574; x_wconf 79' lang='grc' dir='ltr'>τῷ</span> <span class='ocrx_word' id='word_1_91' title='bbox 696 1511 742 1557; x_wconf 87' lang='grc' dir='ltr'>κε’</span> <span class='ocrx_word' id='word_1_92' title='bbox 764 1512 807 1571; x_wconf 88' lang='grc' dir='ltr'>μ’</span> <span class='ocrx_word' id='word_1_93' title='bbox 830 1510 942 1558; x_wconf 81' lang='grc' dir='ltr'>ἰ’δοις</span> <span class='ocrx_word' id='word_1_94' title='bbox 961 1513 1206 1571; x_wconf 87' lang='grc' dir='ltr'>πρώτοισιν</span> <span class='ocrx_word' id='word_1_95' title='bbox 1228 1511 1290 1556; x_wconf 85' lang='grc' dir='ltr'>ε’νὶ</span> <span class='ocrx_word' id='word_1_96' title='bbox 1311 1513 1587 1572; x_wconf 87' lang='grc' dir='ltr'>προμάχοισι</span> <span class='ocrx_word' id='word_1_97' title='bbox 1608 1512 1805 1572; x_wconf 81' lang='grc' dir='ltr'>μιγέντα.</span> 
     </span>
     <span class='ocr_line' id='line_1_15' title="bbox 372 1619 2167 1700; baseline -0.001 -18"><span class='ocrx_word' id='word_1_98' title='bbox 372 1623 712 1689; x_wconf 87' lang='lat' dir='ltr'>Videtisne,</span> <span class='ocrx_word' id='word_1_99' title='bbox 778 1619 1037 1678; x_wconf 89' lang='lat' dir='ltr'>oblitum</span> <span class='ocrx_word' id='word_1_100' title='bbox 1101 1620 1247 1696; x_wconf 93' lang='lat' dir='ltr'>quid</span> <span class='ocrx_word' id='word_1_101' title='bbox 1311 1621 1525 1678; x_wconf 81' lang='lat' dir='ltr'>deceat</span> <span class='ocrx_word' id='word_1_102' title='bbox 1580 1629 1782 1698; x_wconf 85' lang='lat' dir='ltr'>partes</span> <span class='ocrx_word' id='word_1_103' title='bbox 1841 1630 2167 1700; x_wconf 80' lang='lat' dir='ltr'>suseeptaS,</span> 
     </span>
     <span class='ocr_line' id='line_1_16' title="bbox 372 1719 2171 1800; baseline 0 -19"><span class='ocrx_word' id='word_1_104' title='bbox 372 1723 643 1798; x_wconf 83' lang='lat' dir='ltr'>(etenim,</span> <span class='ocrx_word' id='word_1_105' title='bbox 675 1728 745 1778; x_wconf 89' lang='lat' dir='ltr'>ut</span> <span class='ocrx_word' id='word_1_106' title='bbox 781 1720 991 1788; x_wconf 79' lang='lat' dir='ltr'>nostiS,</span> <span class='ocrx_word' id='word_1_107' title='bbox 1023 1719 1372 1777; x_wconf 85' lang='lat' dir='ltr'>mendicum</span> <span class='ocrx_word' id='word_1_108' title='bbox 1404 1720 1649 1799; x_wconf 88' lang='lat' dir='ltr'>agebat)</span> <span class='ocrx_word' id='word_1_109' title='bbox 1682 1722 1743 1778; x_wconf 91' lang='lat' dir='ltr'>in</span> <span class='ocrx_word' id='word_1_110' title='bbox 1778 1721 1964 1781; x_wconf 80' lang='lat' dir='ltr'>Iliaca</span> <span class='ocrx_word' id='word_1_111' title='bbox 1994 1723 2171 1800; x_wconf 88' lang='lat' dir='ltr'>plane</span> 
     </span>
     <span class='ocr_line' id='line_1_17' title="bbox 370 1819 804 1900; baseline -0.007 -20"><span class='ocrx_word' id='word_1_112' title='bbox 370 1839 763 1900; x_wconf 84' lang='lat' dir='ltr'>prorumpere</span> <span class='ocrx_word' id='word_1_113' title='bbox 782 1819 804 1878; x_wconf 69' lang='lat'><strong><em>2</em></strong></span> 
     </span>
    </p>

    <p class='ocr_par' dir='ltr' id='par_1_10' title="bbox 457 1918 2172 1999">
     <span class='ocr_line' id='line_1_18' title="bbox 457 1918 2172 1999; baseline 0.001 -20"><span class='ocrx_word' id='word_1_114' title='bbox 457 1921 640 1991; x_wconf 84' lang='lat' dir='ltr'>Quid,</span> <span class='ocrx_word' id='word_1_115' title='bbox 686 1921 848 1997; x_wconf 93' lang='lat' dir='ltr'>quod</span> <span class='ocrx_word' id='word_1_116' title='bbox 891 1920 956 1976; x_wconf 92' lang='lat' dir='ltr'>in</span> <span class='ocrx_word' id='word_1_117' title='bbox 1003 1918 1270 1997; x_wconf 82' lang='lat' dir='ltr'>Scyllam</span> <span class='ocrx_word' id='word_1_118' title='bbox 1301 1939 1543 1996; x_wconf 91' lang='lat' dir='ltr'>quoque</span> <span class='ocrx_word' id='word_1_119' title='bbox 1587 1920 1858 1999; x_wconf 86' lang='lat' dir='ltr'>gladium</span> <span class='ocrx_word' id='word_1_120' title='bbox 1899 1930 1962 1980; x_wconf 90' lang='lat' dir='ltr'>et</span> <span class='ocrx_word' id='word_1_121' title='bbox 2006 1942 2172 1980; x_wconf 86' lang='lat' dir='ltr'>arma</span> 
     </span>
    </p>

    <p class='ocr_par' dir='ltr' id='par_1_11' title="bbox 371 2019 1037 2098">
     <span class='ocr_line' id='line_1_19' title="bbox 371 2019 1037 2098; baseline -0.003 -19"><span class='ocrx_word' id='word_1_122' title='bbox 371 2029 688 2098; x_wconf 83' lang='lat' dir='ltr'>parantem</span> <span class='ocrx_word' id='word_1_123' title='bbox 719 2020 954 2078; x_wconf 81' lang='lat' dir='ltr'>inducit</span> <span class='ocrx_word' id='word_1_124' title='bbox 974 2019 1037 2078; x_wconf 71' lang='lat'>⁰?</span> 
     </span>
    </p>

    <p class='ocr_par' dir='ltr' id='par_1_12' title="bbox 614 2142 1718 2204">
     <span class='ocr_line' id='line_1_20' title="bbox 614 2142 1718 2204; baseline 0.001 -14"><span class='ocrx_word' id='word_1_125' title='bbox 614 2146 684 2190; x_wconf 85' lang='grc' dir='ltr'>καὶ</span> <span class='ocrx_word' id='word_1_126' title='bbox 705 2146 804 2189; x_wconf 85' lang='grc' dir='ltr'>τότε</span> <span class='ocrx_word' id='word_1_127' title='bbox 827 2143 878 2201; x_wconf 85' lang='grc' dir='ltr'>δὴ</span> <span class='ocrx_word' id='word_1_128' title='bbox 903 2143 1065 2202; x_wconf 79' lang='grc' dir='ltr'>Κίρκης</span> <span class='ocrx_word' id='word_1_129' title='bbox 1084 2144 1165 2201; x_wconf 77' lang='grc' dir='ltr'>μὲν</span> <span class='ocrx_word' id='word_1_130' title='bbox 1185 2142 1471 2203; x_wconf 77' lang='grc' dir='ltr'>ἐφημοσύνης</span> <span class='ocrx_word' id='word_1_131' title='bbox 1492 2145 1718 2204; x_wconf 85' lang='grc' dir='ltr'>ἀλεγεινῆς</span> 
     </span>
    </p>

    <p class='ocr_par' dir='ltr' id='par_1_13' title="bbox 611 2217 1735 2278">
     <span class='ocr_line' id='line_1_21' title="bbox 611 2217 1735 2278; baseline 0 -14"><span class='ocrx_word' id='word_1_132' title='bbox 611 2219 902 2276; x_wconf 89' lang='grc' dir='ltr'>λανθανόμην,</span> <span class='ocrx_word' id='word_1_133' title='bbox 924 2219 1019 2262; x_wconf 79' lang='grc' dir='ltr'>ἕπει</span> <span class='ocrx_word' id='word_1_134' title='bbox 1041 2221 1135 2262; x_wconf 80' lang='grc' dir='ltr'>οὔτι</span> <span class='ocrx_word' id='word_1_135' title='bbox 1155 2217 1198 2276; x_wconf 86' lang='grc' dir='ltr'>μ’</span> <span class='ocrx_word' id='word_1_136' title='bbox 1222 2218 1378 2278; x_wconf 83' lang='grc' dir='ltr'>ἀνώγει</span> <span class='ocrx_word' id='word_1_137' title='bbox 1401 2218 1735 2278; x_wconf 90' lang='grc' dir='ltr'>θωρήσσεσθαι·</span> 
     </span>
    </p>

    <p class='ocr_par' dir='ltr' id='par_1_14' title="bbox 614 2291 1769 2353">
     <span class='ocr_line' id='line_1_22' title="bbox 614 2291 1769 2353; baseline -0.001 -14"><span class='ocrx_word' id='word_1_138' title='bbox 614 2294 751 2353; x_wconf 79' lang='grc' dir='ltr'>αὐτὰρ</span> <span class='ocrx_word' id='word_1_139' title='bbox 773 2294 861 2352; x_wconf 79' lang='grc' dir='ltr'>ἔγω</span> <span class='ocrx_word' id='word_1_140' title='bbox 883 2293 1070 2339; x_wconf 84' lang='grc' dir='ltr'>καταδὺς</span> <span class='ocrx_word' id='word_1_141' title='bbox 1091 2293 1229 2337; x_wconf 83' lang='grc' dir='ltr'>κλυτὰ</span> <span class='ocrx_word' id='word_1_142' title='bbox 1250 2291 1423 2352; x_wconf 81' lang='grc' dir='ltr'>τεύχεα,</span> <span class='ocrx_word' id='word_1_143' title='bbox 1447 2294 1516 2337; x_wconf 82' lang='grc' dir='ltr'>καὶ</span> <span class='ocrx_word' id='word_1_144' title='bbox 1539 2292 1618 2338; x_wconf 81' lang='grc' dir='ltr'>δύο</span> <span class='ocrx_word' id='word_1_145' title='bbox 1640 2294 1769 2353; x_wconf 86' lang='grc' dir='ltr'>δοῦρε</span> 
     </span>
    </p>

    <p class='ocr_par' dir='ltr' id='par_1_15' title="bbox 370 2365 2174 3040">
     <span class='ocr_line' id='line_1_23' title="bbox 614 2365 1700 2427; baseline 0 -14"><span class='ocrx_word' id='word_1_146' title='bbox 614 2367 740 2427; x_wconf 88' lang='grc' dir='ltr'>μάκρ’</span> <span class='ocrx_word' id='word_1_147' title='bbox 764 2367 811 2413; x_wconf 79' lang='grc' dir='ltr'>ἐν</span> <span class='ocrx_word' id='word_1_148' title='bbox 830 2367 992 2427; x_wconf 89' lang='grc' dir='ltr'>χερσὶν</span> <span class='ocrx_word' id='word_1_149' title='bbox 1013 2366 1145 2420; x_wconf 81' lang='grc' dir='ltr'>ἔλων,</span> <span class='ocrx_word' id='word_1_150' title='bbox 1169 2367 1230 2414; x_wconf 89' lang='grc' dir='ltr'>εἷς</span> <span class='ocrx_word' id='word_1_151' title='bbox 1249 2365 1368 2425; x_wconf 79' lang='grc' dir='ltr'>ἰ’κρια</span> <span class='ocrx_word' id='word_1_152' title='bbox 1389 2369 1489 2423; x_wconf 88' lang='grc' dir='ltr'>νῆος</span> <span class='ocrx_word' id='word_1_153' title='bbox 1510 2368 1700 2422; x_wconf 76' lang='grc' dir='ltr'>ἔβαινον.</span> 
     </span>
     <span class='ocr_line' id='line_1_24' title="bbox 374 2469 2172 2549; baseline -0.002 -19"><span class='ocrx_word' id='word_1_154' title='bbox 374 2471 540 2530; x_wconf 87' lang='lat' dir='ltr'>Hine</span> <span class='ocrx_word' id='word_1_155' title='bbox 579 2471 684 2531; x_wconf 90' lang='lat' dir='ltr'>illa</span> <span class='ocrx_word' id='word_1_156' title='bbox 725 2472 945 2549; x_wconf 84' lang='lat' dir='ltr'>saepius</span> <span class='ocrx_word' id='word_1_157' title='bbox 990 2472 1253 2548; x_wconf 85' lang='lat' dir='ltr'>repetita</span> <span class='ocrx_word' id='word_1_158' title='bbox 1283 2472 1358 2529; x_wconf 94' lang='lat' dir='ltr'>de</span> <span class='ocrx_word' id='word_1_159' title='bbox 1404 2490 1560 2546; x_wconf 92' lang='lat' dir='ltr'>equo</span> <span class='ocrx_word' id='word_1_160' title='bbox 1593 2469 1763 2547; x_wconf 87' lang='lat' dir='ltr'>Epei,</span> <span class='ocrx_word' id='word_1_161' title='bbox 1797 2471 1994 2547; x_wconf 90' lang='lat' dir='ltr'>deque</span> <span class='ocrx_word' id='word_1_162' title='bbox 2031 2470 2172 2528; x_wconf 90' lang='lat' dir='ltr'>insi-</span> 
     </span>
     <span class='ocr_line' id='line_1_25' title="bbox 373 2568 2171 2647; baseline -0.001 -18"><span class='ocrx_word' id='word_1_163' title='bbox 373 2572 485 2629; x_wconf 92' lang='lat' dir='ltr'>diis</span> <span class='ocrx_word' id='word_1_164' title='bbox 516 2572 745 2630; x_wconf 86' lang='lat' dir='ltr'>adaetis</span> <span class='ocrx_word' id='word_1_165' title='bbox 786 2571 862 2628; x_wconf 88' lang='lat' dir='ltr'>ad</span> <span class='ocrx_word' id='word_1_166' title='bbox 903 2571 1033 2647; x_wconf 87' lang='lat' dir='ltr'>ipsa</span> <span class='ocrx_word' id='word_1_167' title='bbox 1063 2569 1254 2646; x_wconf 80' lang='lat' dir='ltr'>Trojae</span> <span class='ocrx_word' id='word_1_168' title='bbox 1294 2571 1555 2627; x_wconf 85' lang='lat' dir='ltr'>moenia:</span> <span class='ocrx_word' id='word_1_169' title='bbox 1602 2589 1734 2645; x_wconf 87' lang='lat' dir='ltr'>quae</span> <span class='ocrx_word' id='word_1_170' title='bbox 1765 2589 1901 2627; x_wconf 83' lang='lat' dir='ltr'>eum</span> <span class='ocrx_word' id='word_1_171' title='bbox 1938 2568 2171 2647; x_wconf 91' lang='lat' dir='ltr'>Ulyssis</span> 
     </span>
     <span class='ocr_line' id='line_1_26' title="bbox 370 2669 2174 2747; baseline -0.001 -20"><span class='ocrx_word' id='word_1_172' title='bbox 370 2670 684 2747; x_wconf 83' lang='lat' dir='ltr'>ingenium</span> <span class='ocrx_word' id='word_1_173' title='bbox 716 2669 869 2728; x_wconf 89' lang='lat' dir='ltr'>dolis</span> <span class='ocrx_word' id='word_1_174' title='bbox 899 2670 1163 2727; x_wconf 80' lang='lat' dir='ltr'>amioum</span> <span class='ocrx_word' id='word_1_175' title='bbox 1193 2669 1446 2726; x_wconf 81' lang='lat' dir='ltr'>mirifice</span> <span class='ocrx_word' id='word_1_176' title='bbox 1477 2669 1845 2746; x_wconf 82' lang='lat' dir='ltr'>exprimunt,</span> <span class='ocrx_word' id='word_1_177' title='bbox 1876 2676 2010 2727; x_wconf 89' lang='lat' dir='ltr'>tum</span> <span class='ocrx_word' id='word_1_178' title='bbox 2042 2669 2174 2726; x_wconf 93' lang='lat' dir='ltr'>Ho-</span> 
     </span>
     <span class='ocr_line' id='line_1_27' title="bbox 370 2768 2172 2845; baseline 0 -19"><span class='ocrx_word' id='word_1_179' title='bbox 370 2788 608 2826; x_wconf 92' lang='lat' dir='ltr'>merum</span> <span class='ocrx_word' id='word_1_180' title='bbox 641 2788 881 2845; x_wconf 92' lang='lat' dir='ltr'>quoque</span> <span class='ocrx_word' id='word_1_181' title='bbox 918 2769 1337 2826; x_wconf 87' lang='lat' dir='ltr'>demonstrant</span> <span class='ocrx_word' id='word_1_182' title='bbox 1379 2768 1598 2845; x_wconf 82' lang='lat' dir='ltr'>cupide</span> <span class='ocrx_word' id='word_1_183' title='bbox 1638 2775 1978 2826; x_wconf 89' lang='lat' dir='ltr'>morantem</span> <span class='ocrx_word' id='word_1_184' title='bbox 2014 2769 2172 2826; x_wconf 84' lang='lat' dir='ltr'>eirea</span> 
     </span>
     <span class='ocr_line' id='line_1_28' title="bbox 371 2865 2171 2944; baseline 0 -20"><span class='ocrx_word' id='word_1_185' title='bbox 371 2873 545 2925; x_wconf 85' lang='lat' dir='ltr'>notas</span> <span class='ocrx_word' id='word_1_186' title='bbox 575 2867 851 2944; x_wconf 86' lang='lat' dir='ltr'>regiones</span> <span class='ocrx_word' id='word_1_187' title='bbox 875 2873 938 2923; x_wconf 92' lang='lat' dir='ltr'>et</span> <span class='ocrx_word' id='word_1_188' title='bbox 970 2885 1119 2924; x_wconf 75' lang='lat' dir='ltr'>oras,</span> <span class='ocrx_word' id='word_1_189' title='bbox 1182 2865 1416 2925; x_wconf 90' lang='lat' dir='ltr'>Verum</span> <span class='ocrx_word' id='word_1_190' title='bbox 1448 2867 1772 2933; x_wconf 79' lang='lat' dir='ltr'>enimverO,</span> <span class='ocrx_word' id='word_1_191' title='bbox 1799 2867 1959 2943; x_wconf 91' lang='lat' dir='ltr'>quod</span> <span class='ocrx_word' id='word_1_192' title='bbox 1989 2868 2171 2924; x_wconf 91' lang='lat' dir='ltr'>modo</span> 
     </span>
     <span class='ocr_line' id='line_1_29' title="bbox 372 2964 2168 3040; baseline 0.001 -19"><span class='ocrx_word' id='word_1_193' title='bbox 372 2965 729 3032; x_wconf 89' lang='lat' dir='ltr'>fatebamur,</span> <span class='ocrx_word' id='word_1_194' title='bbox 761 2965 998 3040; x_wconf 82' lang='lat' dir='ltr'>parcius</span> <span class='ocrx_word' id='word_1_195' title='bbox 1029 2964 1162 3024; x_wconf 87' lang='lat' dir='ltr'>haee</span> <span class='ocrx_word' id='word_1_196' title='bbox 1193 2973 1257 3022; x_wconf 90' lang='lat' dir='ltr'>et</span> <span class='ocrx_word' id='word_1_197' title='bbox 1287 2965 1475 3023; x_wconf 86' lang='lat' dir='ltr'>rarius</span> <span class='ocrx_word' id='word_1_198' title='bbox 1507 2965 1889 3034; x_wconf 85' lang='lat' dir='ltr'>adhibentur,</span> <span class='ocrx_word' id='word_1_199' title='bbox 1922 2973 1986 3023; x_wconf 84' lang='lat' dir='ltr'>et</span> <span class='ocrx_word' id='word_1_200' title='bbox 2031 2985 2168 3025; x_wconf 84' lang='lat' dir='ltr'>cum</span> 
     </span>
    </p>
   </div>
   <div class='ocr_carea' id='block_1_5' title="bbox 372 3064 2056 3141">
    <p class='ocr_par' dir='ltr' id='par_1_16' title="bbox 372 3064 2056 3141">
     <span class='ocr_line' id='line_1_30' title="bbox 372 3064 2056 3141; baseline 0 -18"><span class='ocrx_word' id='word_1_201' title='bbox 372 3065 715 3124; x_wconf 88' lang='lat' dir='ltr'>retentione</span> <span class='ocrx_word' id='word_1_202' title='bbox 739 3064 1017 3140; x_wconf 87' lang='lat' dir='ltr'>quadam,</span> <span class='ocrx_word' id='word_1_203' title='bbox 1049 3064 1228 3141; x_wconf 88' lang='lat' dir='ltr'>plane</span> <span class='ocrx_word' id='word_1_204' title='bbox 1260 3065 1416 3123; x_wconf 85' lang='lat' dir='ltr'>sieut</span> <span class='ocrx_word' id='word_1_205' title='bbox 1447 3071 1802 3123; x_wconf 89' lang='lat' dir='ltr'>veteranum</span> <span class='ocrx_word' id='word_1_206' title='bbox 1835 3065 2056 3123; x_wconf 82' lang='lat' dir='ltr'>decuit.</span> 
     </span>
    </p>
   </div>
   <div class='ocr_carea' id='block_1_6' title="bbox 372 3254 2170 3635">
    <p class='ocr_par' dir='ltr' id='par_1_17' title="bbox 372 3254 2170 3635">
     <span class='ocr_line' id='line_1_31' title="bbox 430 3254 2170 3340; baseline 0.002 -22"><span class='ocrx_word' id='word_1_207' title='bbox 430 3260 642 3338; x_wconf 88' lang='lat' dir='ltr'>Atque</span> <span class='ocrx_word' id='word_1_208' title='bbox 671 3261 822 3319; x_wconf 91' lang='lat' dir='ltr'>illud</span> <span class='ocrx_word' id='word_1_209' title='bbox 854 3262 1039 3319; x_wconf 86' lang='lat' dir='ltr'>etiam</span> <span class='ocrx_word' id='word_1_210' title='bbox 1070 3263 1133 3319; x_wconf 94' lang='lat' dir='ltr'>in</span> <span class='ocrx_word' id='word_1_211' title='bbox 1162 3262 1369 3338; x_wconf 89' lang='lat' dir='ltr'>primis</span> <span class='ocrx_word' id='word_1_212' title='bbox 1399 3254 2020 3333; x_wconf 87' lang='lat' dir='ltr'>animadvertendum,</span> <span class='ocrx_word' id='word_1_213' title='bbox 2052 3284 2170 3340; x_wconf 94' lang='lat' dir='ltr'>quo</span> 
     </span>
     <span class='ocr_line' id='line_1_32' title="bbox 372 3360 2169 3437; baseline 0.002 -20"><span class='ocrx_word' id='word_1_214' title='bbox 372 3360 522 3417; x_wconf 89' lang='lat' dir='ltr'>nihil</span> <span class='ocrx_word' id='word_1_215' title='bbox 582 3368 688 3418; x_wconf 91' lang='lat' dir='ltr'>aut</span> <span class='ocrx_word' id='word_1_216' title='bbox 747 3380 854 3437; x_wconf 92' lang='lat' dir='ltr'>per</span> <span class='ocrx_word' id='word_1_217' title='bbox 913 3379 977 3418; x_wconf 93' lang='lat' dir='ltr'>se</span> <span class='ocrx_word' id='word_1_218' title='bbox 1026 3360 1278 3428; x_wconf 80' lang='lat' dir='ltr'>dulcius,</span> <span class='ocrx_word' id='word_1_219' title='bbox 1328 3367 1435 3418; x_wconf 88' lang='lat' dir='ltr'>aut</span> <span class='ocrx_word' id='word_1_220' title='bbox 1494 3361 1953 3420; x_wconf 80' lang='lat' dir='ltr'>mitescentibus</span> <span class='ocrx_word' id='word_1_221' title='bbox 1999 3363 2169 3420; x_wconf 85' lang='lat' dir='ltr'>annis</span> 
     </span>
     <span class='ocr_line' id='line_1_33' title="bbox 373 3459 2170 3536; baseline 0.001 -21"><span class='ocrx_word' id='word_1_222' title='bbox 373 3459 605 3534; x_wconf 88' lang='lat' dir='ltr'>aptius:</span> <span class='ocrx_word' id='word_1_223' title='bbox 667 3459 990 3535; x_wconf 85' lang='lat' dir='ltr'>temperari</span> <span class='ocrx_word' id='word_1_224' title='bbox 1050 3460 1496 3535; x_wconf 88' lang='lat' dir='ltr'>quodammodo</span> <span class='ocrx_word' id='word_1_225' title='bbox 1556 3479 1663 3536; x_wconf 89' lang='lat' dir='ltr'>per</span> <span class='ocrx_word' id='word_1_226' title='bbox 1722 3467 1915 3517; x_wconf 83' lang='lat' dir='ltr'>totam</span> <span class='ocrx_word' id='word_1_227' title='bbox 1976 3459 2170 3536; x_wconf 87' lang='lat' dir='ltr'>Odys-</span> 
     </span>
     <span class='ocr_line' id='line_1_34' title="bbox 374 3557 2168 3635; baseline 0.001 -22"><span class='ocrx_word' id='word_1_228' title='bbox 374 3557 558 3614; x_wconf 87' lang='lat' dir='ltr'>seiam</span> <span class='ocrx_word' id='word_1_229' title='bbox 612 3558 673 3613; x_wconf 87' lang='lat' dir='ltr'>in</span> <span class='ocrx_word' id='word_1_230' title='bbox 721 3577 904 3615; x_wconf 83' lang='lat' dir='ltr'>unam</span> <span class='ocrx_word' id='word_1_231' title='bbox 951 3559 1214 3634; x_wconf 85' lang='lat' dir='ltr'>speeiem</span> <span class='ocrx_word' id='word_1_232' title='bbox 1257 3559 1403 3615; x_wconf 85' lang='lat' dir='ltr'>duas</span> <span class='ocrx_word' id='word_1_233' title='bbox 1448 3577 1557 3624; x_wconf 82' lang='lat' dir='ltr'>reS,</span> <span class='ocrx_word' id='word_1_234' title='bbox 1600 3559 1865 3616; x_wconf 82' lang='lat' dir='ltr'>maxime</span> <span class='ocrx_word' id='word_1_235' title='bbox 1907 3560 2168 3635; x_wconf 87' lang='lat' dir='ltr'>dispares</span> 
     </span>
    </p>
   </div>
   <div class='ocr_carea' id='block_1_7' title="bbox 616 3677 1928 3738">
    <p class='ocr_par' dir='ltr' id='par_1_18' title="bbox 616 3677 1928 3738">
     <span class='ocr_line' id='line_1_35' title="bbox 616 3677 1928 3738; baseline 0.002 -16"><span class='ocrx_word' id='word_1_236' title='bbox 616 3677 639 3707; x_wconf 78' lang='lat' dir='ltr'>b</span> <span class='ocrx_word' id='word_1_237' title='bbox 675 3678 764 3723; x_wconf 89' lang='lat' dir='ltr'>Od.</span> <span class='ocrx_word' id='word_1_238' title='bbox 788 3680 911 3724; x_wconf 81' lang='lat' dir='ltr'>xxiii.</span> <span class='ocrx_word' id='word_1_239' title='bbox 936 3680 1040 3738; x_wconf 89' lang='lat'><strong>376.</strong></span> <span class='ocrx_word' id='word_1_240' title='bbox 1684 3688 1699 3706; x_wconf 73' lang='lat'><em>⁰</em></span> <span class='ocrx_word' id='word_1_241' title='bbox 1730 3681 1806 3724; x_wconf 86' lang='lat' dir='ltr'>xii.</span> <span class='ocrx_word' id='word_1_242' title='bbox 1828 3680 1928 3724; x_wconf 89' lang='lat'><strong>226.</strong></span> 
     </span>
    </p>
   </div>
  </div>
 </body>
</html>
