2320 4126
309 1367 900 1445 PRAELECTIO
952 1370 1340 1447 DECIMA
1392 1374 1793 1449 TERTIA.

930 1594 1174 1603 ——-—-

180 1740 440 1801 Dispicitur,
464 1746 809 1802 quaenamfnerit
835 1744 1051 1802 Odysseioe
1071 1745 1301 1802 scriptoris
1317 1744 1369 1788 de
1383 1759 1544 1789 summa
1559 1746 1666 1803 reip.
1683 1746 1893 1790 sententia
1901 1762 1921 1795 ‚·

236 1816 429 1872 expensis
441 1816 686 1872 praesertim
705 1817 776 1868 iis,
800 1831 891 1873 quoe
912 1816 972 1859 ad
982 1830 1143 1873 procos
1164 1818 1404 1874 pertinent.
1467 1818 1637 1862 Deinde
1662 1818 1817 1875 duplex
1844 1819 1921 1861 ad-

238 1887 413 1930 ducitur
433 1902 579 1939 causa,
602 1900 734 1944 quare
754 1902 848 1931 cum
868 1889 1145 1945 optimatibus
1165 1890 1323 1933 sentiat
1344 1890 1543 1934 Heroicae
1558 1890 1679 1934 illins
1694 1890 1923 1934 vetustatis

239 1965 421 2003 amator.

355 2112 803 2174 ONSTRATO
840 2117 967 2192 jam
1018 2116 1148 2191 quis
1187 2111 1367 2174 fuerit
1413 2129 1609 2174 rerum
1657 2108 1924 2175 Helleni-

183 2125 346 2270 M
396 2231 595 2268 carum
619 2219 823 2279 status,
848 2213 1229 2270 redeuntibus
1252 2210 1499 2272 Achivis
1528 2222 1660 2290 post
1688 2214 1923 2290 Trojam

183 2308 458 2376 excisam,
491 2306 757 2383 adeoque
793 2303 975 2385 ipsius
1015 2308 1266 2367 Homeri
1307 2321 1610 2387 tempore3
1658 2311 1924 2387 sequitur

182 2410 251 2460 ut
294 2405 494 2479 paucis
534 2389 918 2480 disputemus
966 2403 1330 2474 Academici,
1367 2426 1635 2482 quaenam
1681 2407 1754 2464 de
1796 2409 1925 2465 uni-

183 2518 348 2558 versa
389 2500 692 2575 republica
725 2501 902 2558 fuerit
946 2501 1313 2560 celeberrimi
1345 2500 1550 2560 Poetae
1595 2500 1921 2561 sententia:

183 2615 318 2670 quae
349 2595 667 2670 disputatio
699 2603 760 2652 et
799 2616 904 2672 per
933 2616 995 2654 se
1026 2596 1270 2655 fortasse
1301 2600 1413 2655 erit
1440 2618 1560 2656 non
1587 2600 1924 2675 injucunda,

183 2699 244 2749 et
272 2708 643 2768 magnopere,
673 2693 735 2748 ni
765 2690 950 2761 fallor,
980 2694 1303 2769 pertinebit
1347 2696 1420 2752 ad
1456 2692 1636 2771 ipsius
1668 2695 1924 2753 Poeticae

183 2806 506 2845 summam:
551 2778 735 2844 modo*
765 2808 871 2846 nos
911 2808 1042 2846 eam
1085 2798 1248 2847 recte
1287 2810 1355 2848 ac
1391 2787 1727 2866 prudenter,
1760 2790 1923 2865 (nam

182 2883 423 2952 lubrica,
455 2884 658 2951 fateor,
690 2903 781 2942 res
811 2887 924 2962 est)
955 2886 1264 2943 instituere
1289 2887 1602 2945 valeamus.
1650 2888 1922 2956 Lubrica,

182 2984 440 3058 inquam,
485 2983 596 3039 erit
640 2985 923 3058 quaesti03
969 3005 1105 3043 nam
1150 2980 1348 3043 nescio
1393 2987 1689 3061 quomodo
1734 2988 1926 3046 solent

181 3077 466 3145 homineS‚
512 3078 623 3136 hac
670 3086 831 3136 certe
877 3080 1195 3156 republica,
1240 3082 1509 3157 cupidius
1559 3083 1833 3158 arripere,
1878 3084 1925 3140 si

183 3192 312 3248 quae
335 3175 486 3231 forte
510 3175 840 3233 dicentibus
863 3176 1207 3245 exciderint,
1232 3197 1365 3253 quae
1387 3178 1449 3234 in
1471 3197 1636 3235 suam
1659 3197 1785 3234 rem
1809 3186 1928 3236 tor-

185 3270 348 3344 queri
377 3289 545 3345 posse
575 3272 902 3329 videantur.
991 3273 1080 3329 Eo
1118 3272 1287 3331 nobis
1325 3275 1438 3330 erit
1481 3274 1668 3350 magis
1710 3274 1773 3329 in
1815 3274 1925 3331 hac

183 3371 351 3440 parte
380 3365 815 3435 elaborandum,
845 3386 921 3424 ne
951 3369 1104 3425 forte
1133 3369 1439 3425 videamur
1468 3367 1924 3426 Homericorum

185 3458 314 3515 loco
342 3462 538 3518 nescio
569 3481 696 3536 quae
724 3470 924 3520 nostra
952 3462 1271 3521 venditare.

269 3553 498 3611 Verum
528 3557 843 3623 enimverO,
875 3559 922 3614 si
957 3560 1133 3615 modo
1172 3578 1290 3616 non
1330 3559 1484 3616 male
1525 3559 1599 3617 de
1641 3560 1926 3636 Odysseia
