2320 4126
262 268 542 302 PRAEL.XV1.
643 265 749 308 esse,
778 265 891 316 quae
915 247 1033 299 kuic
1056 247 1306 299 sententiae
1330 255 1626 315 repuynaozt.
1908 246 2017 300 267

263 389 641 453 Crediderim,
683 390 939 463 inquam,
983 388 1315 444 Homerum
1361 389 1419 443 in
1461 389 1570 444 hac
1617 395 1782 462 parte
1822 407 2016 444 narra-

262 485 438 541 tionis
479 503 600 540 suae
645 485 779 560 angi
811 484 1065 558 quadam
1111 483 1499 547 solicitudine,
1533 501 1607 538 ne
1649 483 1802 538 forte
1842 501 2014 538 suum

260 578 403 634 illud
435 577 654 656 ἀκριβὲς
683 599 799 635 non
833 597 1092 636 servasse
1123 580 1393 635 videatur
1432 580 1490 634 in
1532 578 1870 655 regionibus
1900 578 2015 635 illis

262 673 659 749 depingendis.
751 673 965 748 Itaque
995 675 1115 730 vim
1147 674 1310 730 illam
1342 682 1676 748 aestumque
1699 673 2012 729 fluviorum

261 778 322 826 et
359 768 581 826 Oceani
621 771 743 826 sive
773 770 942 844 fingit
975 769 1099 826 sive
1135 778 1350 838 narrat,
1388 790 1524 826 cum
1562 788 1778 845 magno
1811 770 2015 826 verbo-

262 884 391 921 rum
422 866 689 939 strepitU,
725 885 840 939 quo
871 866 947 921 sit
987 885 1092 921 cur
1133 866 1378 922 minime
1418 866 1708 922 mirentur
1746 865 2014 922 homines

261 960 448 1017 nullas
507 961 779 1035 reliquias
837 962 1109 1017 immensi
1169 962 1358 1036 operis
1417 970 1663 1018 exstare.
1780 961 1896 1028 Qui
1966 962 2012 1017 si

259 1055 460 1113 multis
509 1057 634 1131 ipse
679 1055 903 1112 saeculis
947 1057 1155 1112 fuisset
1197 1077 1232 1113 a
1274 1057 1525 1131 Trojano
1573 1056 1732 1113 bello
1777 1056 2013 1123 divisus

259 1159 488 1226 poterat
532 1152 752 1225 absque
796 1150 918 1207 ullo
963 1153 1202 1227 negotio
1248 1153 1469 1208 causari
1515 1152 1694 1226 ipsius
1732 1153 2014 1226 temporis

262 1247 553 1321 injuriam.

340 1343 476 1400 Jam
502 1344 607 1398 *vix
638 1351 1100 1400 consentaneum
1135 1344 1382 1407 videtur,
1415 1344 1512 1417 qui
1546 1344 1604 1397 in
1648 1343 2014 1416 exponendis

260 1438 522 1495 locorum
573 1439 1004 1495 mutationibus
1052 1446 1175 1495 tam
1227 1438 1498 1513 religiose
1550 1457 1786 1512 operam
1840 1457 2015 1512 posu-

261 1536 388 1600 erit,
449 1536 704 1591 eundem
764 1535 937 1610 plane
997 1536 1248 1591 tacitum
1310 1534 1435 1590 fore
1494 1535 1553 1589 in
1613 1534 2013 1590 eversionibus

258 1630 543 1687 nobilium
576 1632 885 1687 domorum
926 1638 1104 1704 atque
1144 1631 1203 1686 in
1244 1630 1692 1705 migrationibus
1721 1631 2009 1705 gentium.

262 1726 618 1800 Hujusmodi
661 1734 798 1782 sunt
840 1745 924 1792 ea,
956 1733 1197 1801 propter
1227 1745 1355 1800 quae
1387 1727 1543 1800 visus
1580 1734 1670 1783 est
1713 1726 2012 1783 nonnullis

263 1821 563 1878 Homerus
613 1822 863 1897 viguisse
909 1841 1092 1896 prope
1144 1822 1252 1877 sub
1306 1820 1535 1878 Orestis
1581 1830 1864 1896 tempora,
1910 1842 2013 1879 ex-

259 1917 559 1974 ulantibus
589 1918 783 1995 adhuc
813 1938 848 1974 a
879 1917 1287 1992 Peloponneso
1320 1917 1720 1975 Doriensibus,

340 2011 548 2087 Atqui,
578 2020 646 2069 ut
676 2014 930 2090 ingenue
961 2014 1163 2079 fatear,
1195 2021 1333 2070 sunt
1364 2034 1493 2089 quae
1522 2015 1660 2071 huic
1701 2015 2011 2071 sententiae

256 2128 374 2165 non
418 2109 793 2166 mediocriter
844 2110 1048 2166 obesse
1092 2110 1419 2167 videantur.
1511 2110 1780 2167 Proferre
1827 2111 2009 2185 possit

257 2204 464 2279 aliquis
497 2205 717 2280 Ephori
749 2207 1101 2262 sententiam
1136 2226 1171 2262 a
1202 2205 1496 2264 Strabone
1537 2208 1863 2274 recitatam,
1895 2226 2011 2281 qua

257 2302 305 2358 is
356 2302 643 2358 rationem
698 2302 908 2369 reddit,
958 2322 1062 2359 cur
1110 2302 1410 2360 Homerus
1463 2303 1703 2360 Cretam
1751 2303 2009 2379 appellet

255 2417 412 2454 nunc
441 2397 833 2465 ἑκατόμπολιν,
855 2419 1011 2456 nunc
1042 2400 1537 2466 ἐνενηκοντάπολιν.
1627 2400 1736 2457 Ait
1766 2401 2008 2465 Scilicet,

259 2490 485 2572 4’1.)’σ·’1·ε,οον
508 2493 880 2559 ἐπικτισθῆναι
911 2492 1015 2554 τὰς·
1039 2493 1160 2551 δέκα
1181 2496 1345 2572 φησὶ,
1374 2494 1516 2561 μετὰ
1540 2494 1613 2552 τὰ
1639 2495 1880 2573 Τρωικὰ,
1903 2495 2008 2553 ὑπὸ

256 2593 362 2646 τῶν
391 2593 470 2661 τῷ
501 2587 851 2655 Ἀλθαιμένει
889 2594 965 2662 τῷ
999 2590 1241 2668 Ἀργείῳ
1272 2589 1856 2658 συνακολουθησάντων
1888 2593 2010 2648 Δω-

255 2685 460 2763 ριέωνὲ.
547 2684 958 2760 Appellaverit
1014 2687 1215 2761 itaque
1274 2687 1513 2744 Cretam
1574 2687 1873 2746 Homerus
1932 2709 2008 2747 ex

257 2781 681 2838 consuetudine
705 2782 800 2839 hic
823 2782 1207 2857 Trojanorum
1228 2792 1580 2859 temporum,
1606 2785 1726 2842 illic
1751 2804 2006 2842 suorum.

258 2877 538 2951 Sequitur
588 2877 764 2945 illico,
815 2878 1109 2953 scripsisse
1161 2898 1292 2935 eam
1340 2887 1474 2954 post
1533 2879 2004 2956 Peloponnesum

257 2991 291 3029 a
350 2972 732 3030 Doriensibus
797 2974 1108 3031 devictam.
1220 2976 1375 3032 Nam
1423 2975 1830 3034 Althaemenes
1888 2977 2004 3042 ille,

257 3069 421 3142 cujus
467 3069 737 3143 auspiciis
788 3068 1162 3136 ἑκατόμπολις
1221 3072 1377 3129 facta
1435 3079 1526 3129 est
1579 3072 1772 3140 Creta,
1826 3092 2006 3147 nepos

257 3183 382 3222 esse
423 3166 638 3222 dicitur
671 3166 932 3234 Temeni‚
965 3169 1106 3243 ejus,
1140 3188 1335 3243 quem,
1367 3171 1557 3244 ejecta
1589 3170 2003 3246 Pelopidarum

259 3262 449 3327 domo,
484 3261 873 3337 Mycenarum
908 3282 1105 3339 regem
1131 3265 1566 3321 constituerunt
1598 3264 1954 3322 Heraclidae.

346 3354 640 3431 Urgemur
683 3365 965 3432 praeterea
1015 3359 1151 3415 hinc
1199 3358 1491 3416 Herodoti
1552 3352 1794 3427 calculo,
1844 3360 2004 3417 illinc

974 3582 997 3611 g
1030 3574 1127 3617 Lib.
1151 3590 1194 3617 x.
1223 3586 1287 3628 15.
