2320 4126
288 232 399 287 270
550 230 633 284 De
658 230 877 283 Homeri
903 230 1052 300 apud
1079 230 1285 282 Graecos
1309 231 1614 284 auctoritate
1634 253 1650 283 .·
1790 250 1954 284 PRAEL.
1978 251 2091 285 xv1.

289 377 498 434 sertim
554 376 867 454 Odysseiae
923 375 1075 445 libri,
1130 376 1348 452 quibus
1402 377 1587 434 tacite
1647 379 2091 453 quodammodo

288 479 683 537 conferuntur
711 478 872 535 inter
902 497 965 535 se
996 496 1313 552 procorum
1348 483 1412 534 et
1444 475 1676 535 Eumaei
1714 477 1990 554 hospitia.

372 674 470 732 Ex
501 674 595 732 his
625 673 906 731 omnibus
937 671 1090 730 effici
1125 672 1382 739 videtur,
1416 679 1486 730 ut
1525 674 1588 729 in
1631 692 1696 730 re
1736 683 2093 749 pervetusta

287 779 470 849 atque
505 772 569 829 in
612 789 833 849 magna
872 777 1187 827 auctorum
1233 770 1499 846 penuria,
1531 770 1782 827 minime
1823 779 2095 829 contem-

288 872 488 928 nenda
550 869 840 927 Historiae
900 869 1213 926 consensio
1267 887 1406 925 cum
1468 868 1540 926 iis
1601 889 1732 945 quae
1792 888 1868 927 ex
1928 869 2095 929 libris

289 969 474 1044 ipsius
525 966 777 1044 augurio
831 965 1126 1043 probabili
1180 966 1405 1042 poterit
1462 966 1595 1042 quis
1654 985 1880 1025 eruere.
2002 967 2094 1025 Eo

287 1068 543 1126 alacrius
573 1067 950 1144 pergendum
983 1065 1099 1122 erit
1129 1065 1205 1124 ad
1244 1072 1511 1133 caeterOS,
1542 1065 1888 1143 quicunque
1921 1065 2094 1124 Grai-

289 1187 462 1224 orum
523 1174 661 1243 post
723 1164 1065 1222 Homerum
1120 1164 1346 1222 eximie
1405 1162 1742 1222 floruerunt
1800 1166 2094 1241 primariae

290 1265 552 1322 Poeseos
611 1263 822 1341 gloria.
916 1262 1028 1320 Est
1089 1269 1298 1320 autem
1351 1263 1512 1338 quod
1574 1262 1636 1319 in
1696 1263 1826 1339 ipso
1886 1262 2095 1321 limine

288 1369 580 1431 occurrat,
612 1382 683 1421 ac
714 1361 1160 1419 dubitationem
1192 1361 1495 1438 quandam
1528 1380 1650 1418 non
1687 1360 1885 1419 levem
1922 1363 2096 1420 nobis

287 1463 561 1521 incutere
593 1462 886 1519 videatur.
966 1460 1363 1538 Suspicantur
1393 1459 1698 1530 videlicet,
1735 1461 1935 1519 minus
1966 1461 2098 1518 feli-

288 1562 442 1618 citer
465 1567 668 1618 actum
696 1561 767 1617 iri
793 1579 931 1617 cum
958 1578 1100 1616 vera
1125 1558 1319 1624 Poesi,
1346 1559 1394 1615 si
1419 1578 1538 1634 qua
1562 1558 1719 1615 forte
1744 1559 1805 1616 in
1831 1560 2095 1636 regione,

289 1661 388 1735 qui
441 1661 900 1736 princepseam
952 1666 1146 1716 artem
1193 1657 1440 1723 coleret,
1486 1658 1537 1714 is
1586 1658 1807 1733 primas
1856 1678 2097 1735 quoque

290 1759 562 1814 omnium
584 1758 819 1834 judicio
851 1757 1079 1825 tulerit,
1105 1757 1194 1814 ita
1222 1763 1293 1814 ut
1324 1756 1474 1813 nihil
1507 1776 1747 1833 prorsus
1771 1756 1966 1815 simile
1990 1766 2096 1815 aut

288 1856 623 1913 secundum
667 1856 778 1913 sibi
825 1855 1065 1914 habeat.
1155 1855 1374 1932 Itaque
1416 1875 1556 1913 cum
1589 1854 1896 1914 Homerus
1944 1874 2097 1914 unus

290 1955 581 2021 omnium,
624 1955 727 2030 qui
779 1973 1035 2031 usquam
1083 1953 1211 2011 ullo
1252 1961 1529 2030 tempore
1578 1952 1899 2012 Musarum
1947 1975 2098 2032 opus

289 2053 408 2110 sint
489 2053 805 2129 auspicati,
883 2052 1233 2129 plenissima
1311 2053 1680 2109 auctoritate
1754 2052 2098 2129 regnaverit

289 2152 450 2227 apud
494 2170 650 2220 SUOS,
683 2159 910 2229 negant
955 2151 1134 2210 facile
1176 2152 1305 2209 fieri
1347 2152 1635 2228 potuisse,
1668 2158 1739 2209 ut
1781 2152 2096 2228 quisquam

290 2269 498 2308 eorum.
546 2251 831 2308 evaderet
875 2269 1202 2328 germanus
1248 2249 1458 2307 Poeta.
1554 2250 1801 2308 Etenim
1853 2251 1915 2308 in
1970 2251 2098 2326 ejus

289 2349 574 2426 vestigiis,
609 2349 734 2406 fato
767 2349 1046 2425 quodam,
1079 2367 1289 2406 omnes
1317 2349 1610 2405 insistere.

376 2447 587 2523 Atque
654 2446 804 2504 illud
866 2446 1111 2522 quidem
1173 2466 1354 2504 nemo
1415 2446 1744 2524 negaverit,
1805 2446 2098 2505 altissime

290 2546 742 2622 quodammodo
787 2545 1076 2603 insedisse
1112 2546 1175 2602 in
1213 2545 1439 2603 Graecis
1475 2544 1682 2613 literis
1719 2551 1904 2621 atque
1946 2546 2098 2603 adeo

288 2645 350 2701 in
383 2644 574 2702 literis
606 2645 878 2702 omnium
909 2645 1206 2722 gentium,
1233 2663 1370 2720 quae
1402 2645 1656 2721 priscam
1689 2643 1857 2702 illam
1889 2644 2100 2701 huma-

289 2743 546 2801 nitatem
581 2743 674 2802 vel
717 2743 935 2801 leviter
965 2744 1216 2820 sapiant,
1254 2744 1597 2801 Homericae
1629 2762 1878 2820 poeseos
1909 2762 2097 2802 aemu-

291 2840 414 2897 lum
447 2842 751 2916 quendam
783 2861 1073 2899 amorem.
1147 2841 1370 2900 Multis
1394 2849 1602 2899 autem
1627 2861 1740 2920 ego
1764 2841 2098 2899 rationibus

290 2941 573 3008 adducor,
624 2948 694 2997 ut
753 2940 1096 2998 firmissime
1156 2942 1419 3007 credam,
1480 2941 1864 3016 majestatem
1926 2939 2097 2997 illam

291 3038 550 3096 Homeri
600 3058 787 3115 prope
837 3040 1064 3116 regiam
1114 3040 1266 3097 adeo
1320 3059 1438 3096 non
1494 3039 1769 3097 nocuisse
1829 3037 2099 3095 libertati

289 3138 564 3213 poeticae,
597 3144 667 3194 ut
698 3157 833 3195 eam
864 3139 1041 3195 unice
1072 3138 1370 3214 adjuverit
1400 3144 1585 3213 atque
1615 3138 1872 3195 auxerit.

375 3235 555 3305 Quod
598 3256 716 3312 quo
755 3236 974 3293 melius
1015 3235 1408 3312 intelligatur,
1449 3236 1841 3304 considerate,
1873 3253 2096 3311 quaeSO‚

284 3353 527 3391 mecum
577 3333 899 3410 paulisper,
953 3333 1331 3409 Academici,
1381 3340 1532 3409 quot
1584 3334 1695 3391 viis
1755 3334 1814 3390 in
1865 3334 2098 3390 animos

284 3452 530 3490 suorum
565 3432 866 3490 insinuare
892 3451 956 3489 se
980 3432 1262 3489 debuerit
1296 3431 1625 3489 Homerica
1658 3431 1884 3498 Poesis,
1915 3449 2097 3507 quam

286 3529 440 3587 altas
478 3530 710 3587 radices
752 3531 965 3607 egerit.
1057 3529 1274 3587 Nolite
1316 3536 1546 3606 putare,
1582 3548 1906 3606 occupasse
1937 3548 2095 3595 eum,

242 3701 246 3706 θ
288 3629 456 3704 quasi
496 3628 636 3702 jure
690 3648 822 3696 su0‚
868 3628 1299 3704 discipulorum
1353 3627 1535 3684 modo
1590 3627 1921 3695 cathedras,
1977 3646 2095 3701 quo
