2320 4126
169 292 323 325 PRAEL.
344 290 416 323 XI.
432 270 613 323 Fuisse
629 269 772 338 apud
792 270 990 319 G'roecos
1006 267 1151 336 quasi
1165 266 1409 318 saeculum
1424 266 1791 335 oraviyantium.
1811 267 1837 314 1
1847 266 1903 318 7]

170 408 311 483 erigi
369 413 429 463 et
488 405 732 462 excitari
790 404 1031 479 possint.
1149 401 1356 477 Frigus
1414 400 1766 457 intervenit:
1841 401 1915 456 de

169 505 396 577 integro
455 499 613 557 calor
670 497 1056 572 recipiendus
1181 495 1469 570 Equidem
1534 494 1617 549 nil
1675 494 1796 550 tale
1854 495 1915 549 in

170 599 284 657 illis
338 596 748 654 Ithacensibus
800 594 1208 669 deprehendo:
1271 593 1451 649 versis
1500 591 1677 647 modo
1730 609 1916 647 scenae

171 694 475 760 frontibus,
524 692 714 748 sentio
759 710 883 747 rem
924 691 1173 747 eandem
1222 690 1350 765 agi:
1411 688 1655 763 perinde
1702 706 1770 743 ac
1814 706 1918 761 per

171 791 464 848 maritima
492 788 611 854 illa,
643 806 744 861 spe
775 794 1059 860 metuque
1089 784 1334 842 mulceri
1363 803 1463 841 me
1493 784 1699 859 patior.

256 885 373 942 Sed
406 885 479 941 de
508 884 599 940 his
641 884 932 940 acutiores
959 882 1251 957 judicent.
1340 880 1470 937 Nos
1509 881 1581 937 ad
1623 897 1747 935 rem
1787 897 1930 953 pro--

171 983 419 1058 positam
449 987 825 1037 revertamur.
900 979 1186 1045 Dicimus,
1220 977 1486 1034 Homero
1518 976 1918 1053 dignissimam

170 1077 476 1134 materiem
507 1075 819 1151 praebuisse
850 1075 1099 1131 alteram
1129 1074 1291 1130 illam
1322 1074 1485 1148 quasi
1526 1072 1658 1129 coeli
1699 1072 1918 1128 heroici

170 1191 394 1239 zonam,
445 1191 571 1246 quae
623 1172 883 1246 proprias
929 1170 1039 1227 sibi
1090 1170 1270 1227 habet
1327 1170 1592 1226 fortunas
1643 1177 1704 1225 et
1764 1169 1921 1225 facta

171 1269 592 1345 navigantium.
662 1267 969 1342 Ejusmodi
1000 1274 1201 1323 autem
1233 1267 1435 1324 laudes
1466 1278 1610 1323 tunc
1638 1266 1920 1340 temporis

173 1366 429 1423 maxime
478 1383 583 1439 per
627 1363 922 1420 Graeciam
963 1364 1217 1439 viguisse
1269 1370 1567 1420 testantur
1616 1363 1689 1420 ad
1740 1381 1920 1418 unam

174 1480 374 1520 omnes
416 1461 688 1518 historiae.
751 1459 928 1516 Certe
974 1468 1107 1535 post
1146 1460 1399 1534 Trojana
1427 1467 1696 1534 tempora
1735 1477 1920 1533 usque

174 1579 243 1617 eo
285 1576 428 1635 gens
472 1557 676 1623 crevit,
714 1557 959 1613 assiduis
1003 1576 1108 1631 per
1152 1557 1336 1613 maria
1380 1557 1578 1613 omnia
1620 1557 1922 1632 migratio-

174 1655 359 1720 nibus,
392 1654 533 1709 dum
570 1652 765 1710 stabili
798 1654 1040 1709 tandem
1077 1652 1365 1727 firmoque
1407 1652 1637 1727 imperii
1679 1670 1921 1727 corpore

176 1752 325 1808 vires
347 1749 609 1808 Orientis
633 1750 946 1825 rejecerint
979 1748 1282 1806 Hellenes.
1333 1749 1531 1817 Quid?
1577 1747 1923 1805 Alexander

175 1847 276 1904 ille
307 1846 585 1922 MagnUS,
616 1844 866 1902 Homeri
898 1845 1378 1922 diligentissimus
1408 1844 1601 1901 cultor
1624 1852 1685 1900 et
1717 1842 1925 1900 Achil-

175 1941 261 2009 lis,
306 1960 502 1998 nonne
542 1948 603 1997 et
646 1942 786 2016 ipse,
826 1948 959 2015 post
1004 1939 1211 1997 Asiam
1255 1941 1573 2008 devictam,
1606 1940 1922 1997 militarem

176 2039 365 2096 navali
404 2038 591 2115 gloria
633 2038 973 2104 cumulavit,
1020 2037 1340 2112 exploratis
1385 2044 1515 2093 tum
1562 2037 1697 2093 Indi
1742 2037 1921 2103 ostiiS,

174 2143 319 2203 tum,
350 2154 454 2210 per
485 2133 844 2200 Nearchum,
877 2133 1146 2191 litoribus
1177 2134 1477 2209 Erythraei
1495 2134 1684 2191 ‘maris
1705 2134 1727 2190 ἲ
1752 2187 1756 2191 ,
1788 2133 1923 2201 Quo

178 2232 352 2297 facte,
384 2229 730 2306 Odysseiam
761 2232 1073 2305 quandam,
1116 2237 1184 2287 ut
1223 2231 1309 2287 ita
1349 2230 1558 2297 dicam,
1591 2229 1763 2286 Iliadi
1809 2248 1924 2286 suae

178 2327 427 2401 adjecit3
487 2334 556 2382 ut
601 2345 677 2382 ne
727 2328 822 2383 cui
869 2326 1112 2383 dubium
1161 2334 1332 2392 esset,
1378 2326 1452 2381 ad
1495 2344 1675 2381 unam
1724 2324 1925 2381 ambas

180 2423 439 2480 indolem
470 2423 783 2498 pertinere.

259 2526 295 2551 “
318 2517 407 2576 At
450 2519 608 2575 enim
648 2519 722 2575 de
759 2518 931 2585 bello,
975 2519 1117 2584 acie,
1163 2518 1521 2584 vulneribUS,
1569 2517 1759 2574 altum
1805 2516 1926 2591 ple-

178 2634 425 2691 rumque
470 2615 532 2670 in
581 2613 866 2690 Odysseia
924 2614 1259 2671 silentium:
1323 2633 1575 2688 quorum
1626 2614 1687 2668 in
1740 2612 1928 2669 Iliade

179 2711 530 2768 creberrima
585 2711 812 2766 mentio
872 2710 966 2766 vel
1024 2728 1304 2767 nauseam
1363 2709 1515 2766 solet
1586 2710 1927 2765 nonnemini

178 2807 467 2863 movere.’'
553 2804 790 2862 Audio:
837 2807 1058 2863 etenim
1101 2805 1214 2863 hoc
1259 2806 1408 2862 illud
1451 2815 1595 2872 erat,
1640 2806 1797 2879 quod
1841 2806 1930 2860 in-

181 2902 398 2959 clinata
428 2902 555 2976 jam
596 2908 770 2958 aetate
810 2909 1227 2977 argumentum
1266 2902 1413 2958 illud
1446 2901 1761 2975 sumpsisse
1790 2919 1929 2956 eum

183 2998 554 3072 conjecimus.
643 2997 871 3072 Ecquid
903 2997 1155 3054 Naturae
1186 3017 1442 3073 veroque
1471 2998 1726 3073 propiUS,
1751 3015 1929 3071 quam

185 3092 382 3149 Poetae
419 3093 513 3149 vel
554 3093 1072 3150 vehementissimo
1113 3095 1380 3151 desidere
1420 3093 1729 3169 paullatim
1766 3092 1930 3148 Mar-

185 3188 336 3250 tium
379 3188 548 3247 illum
593 3189 902 3258 fervorem,
934 3209 1116 3264 quum
1160 3209 1236 3247 ne
1279 3190 1499 3247 milites
1540 3190 1778 3263 quidem
1817 3188 1932 3244 for-

190 3282 399 3338 tissimi
428 3283 490 3338 in
519 3302 717 3340 amore
745 3284 971 3342 militiae
1000 3304 1343 3359 permanere
1373 3284 1640 3342 soleant?
1702 3285 1931 3353 Quibus

187 3383 386 3434 tamen
416 3397 486 3435 ea
513 3379 703 3436 multo
731 3381 918 3456 magis
948 3399 1125 3454 quam
1155 3378 1263 3434 ulli
1293 3378 1613 3435 Poetarum
1643 3398 1776 3436 cara
1805 3383 1931 3436 esse

189 3472 404 3539 debet3
459 3473 553 3531 vel
598 3483 836 3549 propter
892 3494 1064 3532 usum
1123 3474 1486 3538 diuturnum,
1539 3474 1633 3529 vel
1691 3481 1932 3550 propter

190 3566 521 3638 opinionem
551 3567 728 3643 vulgi,
760 3588 833 3625 ne
867 3567 1055 3624 officio
1087 3568 1288 3624 deesse
1312 3568 1638 3625 videantur.
