2320 4126
105 322 256 356 PRAEL.
280 322 350 352 1x4
451 300 509 350 de
530 297 773 350 militibus
800 298 854 349 in
880 297 1036 348 aciem
1051 294 1501 365 proyredientibus.
1744 297 1844 346 131

186 437 359 506 Quid,
412 455 527 510 qua
583 436 810 492 ratione
867 433 1033 489 humi
1092 433 1424 490 consedisse
1484 433 1850 489 demonstret

103 534 397 610 trepidum
427 532 573 588 illud
608 532 876 588 Heroum
909 529 1262 586 concilium?

377 646 443 713 ’ἐν
464 646 650 704 καθαρῷ,
674 644 743 689 ὅθι
766 645 818 701 δὴ
840 642 995 689 νεκὺων
1016 644 1261 700 διεφαίνετο
1282 645 1425 700 χῶρος

393 719 648 762 πιπτόντων·
682 716 781 761 ὅθεν
801 716 919 762 αὖτις
939 714 1196 773 ἀπετράπετ’
1220 715 1401 772 ὄβριμος
1413 713 1598 770 ‘'Em-cop.

393 790 526 836 ὀλλὺς
543 788 780 848 Ἀργείους,
803 787 875 832 ὅτε
896 788 947 844 δὴ
969 789 1068 845 περὶ
1089 788 1166 843 νὺξ
1189 787 1422 845 ἐκάλυψεν·

394 863 494 907 ἔνθα
514 861 800 918 καθεζόμενοι,
822 860 908 904 ἕπε’
933 859 1170 917 ἀλλήλοισι
1190 860 1442 918 πίφαυσκον
1457 859 1482 902 f.

187 959 530 1034 Cujusmodi
575 959 788 1025 omnia,
820 977 938 1031 quo
982 977 1087 1032 per
1131 976 1192 1013 se
1237 957 1355 1013 sint
1399 955 1635 1021 leviora,
1674 960 1736 1010 et
1779 954 1854 1010 ad

107 1057 394 1134 poeticam
443 1055 604 1111 illam
654 1062 1028 1111 venustatem
1086 1055 1281 1109 minus
1338 1053 1636 1128 pertinere
1695 1052 1858 1108 vide-

105 1162 295 1222 antur,
354 1173 423 1210 eo
481 1153 692 1210 clarius
750 1159 812 1207 et
871 1153 1203 1209 evidentius
1260 1152 1496 1218 docent,
1545 1151 1609 1207 ni
1667 1148 1856 1214 fallor,

110 1250 437 1307 Homerum
493 1255 595 1305 aut
651 1248 843 1323 ipsum
903 1247 1216 1322 aliquando
1276 1247 1481 1303 fecisse
1544 1245 1856 1322 stipendia,

107 1355 210 1404 aut
239 1354 398 1402 certe
427 1345 821 1401 militantibus
851 1345 1132 1401 comitem
1164 1363 1225 1400 se
1256 1344 1613 1418 adjunxisse.

192 1442 371 1499 Nunc
411 1442 762 1498 Homericos
797 1443 858 1496 in
898 1441 1084 1498 aciem
1123 1448 1351 1507 eunteS,
1380 1447 1562 1515 atque
1605 1440 1753 1496 adeo
1797 1439 1859 1494 in

109 1541 298 1616 ipsum
328 1546 625 1595 certamen
656 1557 1094 1614 prosequamur.
1156 1536 1461 1594 Succurrit
1491 1542 1630 1593 ante
1661 1535 1860 1592 omnia

112 1637 508 1693 dulcissimum
562 1635 726 1702 illud,
775 1645 836 1692 et
895 1656 1030 1692 cum
1077 1634 1291 1691 bellica
1338 1634 1574 1700 virtute,
1623 1633 1670 1690 si
1717 1631 1861 1708 quid

111 1733 285 1801 aliud,
316 1733 659 1799 arctissime,
688 1740 756 1788 ut
788 1733 1012 1808 opinor,
1046 1733 1467 1807 conjunctum&
1490 1750 1502 1786 :

400 1850 515 1891 τοῖσι
537 1847 573 1890 δ’
596 1847 716 1904 ἅφαρ
736 1849 926 1903 πόλεμος
945 1847 1133 1914 γλυκίων
1152 1845 1303 1905 γένετ’,
1325 1844 1372 1901 ἠὲ
1395 1845 1566 1890 νέεσθαι

401 1919 445 1963 ἐν
466 1920 591 1975 νηυσὶ
612 1921 870 1977 γλαφυρῇσι
891 1920 1026 1978 φίλην
1047 1919 1090 1964 ἐς
1110 1919 1296 1976 πατρίδα
1316 1921 1455 1977 γαῖαν.

112 2015 602 2084 Animadvertite,
633 2035 851 2090 quaeso,
882 2015 1082 2091 paullo
1128 2014 1417 2083 subtiliuS,
1450 2015 1592 2090 quid
1629 2033 1699 2072 ea
1734 2033 1864 2071 sen-

113 2112 299 2169 tentia
342 2113 550 2170 valeat.
655 2113 872 2181 PrimO,
932 2114 1124 2188 ipsum
1183 2111 1332 2169 illud
1392 2112 1684 2188 Pugnare,
1743 2130 1863 2168 11011

114 2215 351 2284 propter
392 2210 580 2267 laudis
624 2229 789 2285 spem
837 2218 899 2267 et
946 2210 1224 2277 victoriae,
1272 2209 1377 2266 sed
1424 2216 1707 2283 tanquam
1760 2227 1864 2283 per

116 2319 176 2358 se
222 2322 421 2360 carum
467 2312 529 2360 et
580 2304 851 2372 amabile,
903 2305 1168 2380 proponi.
1258 2304 1508 2372 Deinde,
1558 2311 1864 2362 momento

115 2400 392 2474 temporis
420 2401 637 2457 mutari
668 2402 913 2467 animos,
933 2402 1085 2458 tanti
1110 2402 1426 2470 exercitUS,
1451 2409 1575 2459 tam
1605 2402 1866 2479 graviter

117 2496 411 2564 commoti,
463 2498 646 2554 semel
701 2498 878 2554 modo
924 2497 1152 2574 Ulyssis
1197 2497 1361 2572 quasi
1409 2505 1641 2574 sceptro
1686 2499 1866 2557 tacti:

116 2610 291 2666 quam
342 2594 557 2651 scimus
607 2613 732 2651 esse
784 2594 1094 2651 castrensis
1151 2593 1481 2670 plebeculae
1540 2593 1870 2654 levitatem.

117 2687 274 2757 Quid
304 2691 599 2766 quaeritis?
670 2690 939 2766 Simplex
981 2693 1221 2748 omnino
1258 2692 1570 2760 sententia,
1608 2693 1865 2770 fortique

116 2786 310 2843 animo
366 2787 624 2844 maxime
668 2787 947 2860 ¹omnium
1007 2789 1398 2845 conveniens:
1473 2788 1716 2847 Nullius
1778 2791 1859 2848 rei

117 2899 303 2950 causa,
347 2891 734 2958 praeterquam
779 2884 1005 2941 bellicae
1055 2884 1279 2961 gloriae,
1325 2885 1498 2942 facile
1544 2888 1866 2945 carendum

118 2990 243 3036 esse
272 2980 464 3047 dom0,
495 2981 700 3055 patria,
731 2981 963 3050 liberis;
1006 2983 1305 3057 proposita
1338 2989 1537 3040 autem
1578 2984 1866 3059 ejusmodi

119 3090 235 3148 spe,
258 3094 333 3131 ne
356 3094 523 3150 posse
545 3077 800 3152 quidem,
824 3079 1043 3135 nedum
1076 3085 1363 3153 oportere,
1387 3099 1513 3136 rem
1536 3081 1597 3136 in
1620 3081 1867 3137 dubium

120 3171 327 3227 vocari.
447 3172 615 3229 Idem
673 3174 848 3249 plane
906 3183 1131 3242 sonant,
1191 3175 1455 3251 longiore
1527 3178 1705 3234 modo
1763 3177 1864 3234 filo

121 3264 392 3335 deducta,
421 3269 725 3327 notissima
753 3270 857 3328 illa
888 3271 1054 3346 Lycii
1085 3266 1307 3346 regish:

412 3376 589 3426 Γλαῦκε,
611 3377 677 3431 τίη
700 3376 751 3432 δὴ
773 3381 848 3421 νῶἵ
867 3376 1156 3433 τετιμήμεσθα
1175 3377 1369 3432 μάλιστα

412 3443 512 3501 ἕδρῃ
530 3464 590 3497 τε,
613 3447 788 3503 κρέασίν
808 3448 860 3499 τ’,
883 3446 956 3503 ἠδὲ
977 3448 1143 3494 πλείοις
1163 3447 1414 3500 δεπάεσσιν,

241 3630 258 3663 f
288 3631 340 3675 11.
362 3648 405 3676 x.
434 3647 530 3691 199.
899 3646 923 3675 g
953 3638 999 3681 ii.
1021 3649 1123 3695 453.
1495 3638 1520 3669 h
1550 3640 1624 3686 xii.
1647 3655 1748 3699 310.

958 3729 1001 3767 K
1027 3717 1063 3768 2
1091 3751 1095 3754 «
