2320 4126
175 248 331 291 PRAEL.
351 247 459 289 xrv'.
574 226 851 287 Homerum
876 251 988 285 cum
1016 232 1281 302 operarii-s
1303 224 1516 296 sensisse:
1816 232 1921 282 225

173 381 435 437 decrevi:
497 397 643 453 quae,
691 383 759 434 ut
807 376 951 433 mihi
996 375 1235 450 quidem
1285 374 1534 440 videtur,
1581 372 1921 429 dulcissimo

175 476 428 551 quodam
473 474 695 530 lumine
738 473 955 548 passim
998 471 1297 527 illustrant
1339 482 1682 546 germanam
1722 468 1922 524 Poetae

176 571 528 628 sententiam
571 576 750 643 atque
793 566 1087 623 indolem:
1145 566 1353 640 primO,
1395 564 1552 638 quod
1597 581 1818 637 pauper
1860 568 1923 617 et

175 685 426 743 egenus;
471 666 700 730 deinde,
732 665 888 739 quod
933 662 1117 719 oculis
1161 668 1287 718 erat
1324 667 1548 735 captus.
1639 659 1923 715 Potuitne

174 764 478 838 quisquam
530 760 940 816 vehementius
998 778 1060 815 se
1113 758 1408 814 vindicare
1465 758 1527 812 in
1585 756 1924 812 libertatem

80 895 95 905 =
175 878 309 916 vere
379 859 712 934 ingenuam,
772 875 949 930 quam
1014 862 1082 910 ut
1141 854 1378 910 fortuna
1444 859 1714 909 uteretur
1777 852 1926 909 adeo

173 956 396 1022 acerba,
444 954 607 1011 nulla
653 961 855 1010 tamen
906 952 1000 1008 vel
1058 951 1385 1008 invidentia
1432 951 1528 1007 vel
1579 950 1926 1027 aegritudine

173 1051 461 1108 beatiores
492 1052 813 1126 suspiceret
833 1050 860 1106 Ξ)

228 1146 322 1204 Ac
346 1149 419 1204 de
445 1153 794 1223 paupertate
818 1146 1058 1220 quidem
1083 1144 1332 1201 Homeri
1357 1144 1549 1201 multa
1566 1146 1693 1219 jam
1724 1151 1863 1201 ante
1893 1164 1927 1201 a

174 1263 269 1300 me
305 1251 441 1301 sunt
482 1244 658 1310 dicta,
689 1262 825 1299 cum
858 1244 931 1299 de
969 1242 1156 1298 Iliade
1194 1242 1600 1316 disputabam:
1648 1240 1928 1297 videlicet

173 1342 234 1397 in
271 1341 421 1397 hanc
452 1341 826 1405 sententiam,
858 1346 926 1394 ut
971 1358 1109 1395 eum
1147 1345 1456 1413 appareret
1501 1338 1618 1394 suis
1655 1336 1928 1394 manibus

172 1438 454 1513 tetigisse,
485 1437 603 1493 suis
635 1436 798 1510 quasi
833 1436 1094 1492 humeris
1125 1435 1371 1492 subiisse
1401 1454 1470 1491 ea
1499 1454 1629 1509 quae
1659 1435 1927 1510 depingit

174 1553 350 1590 onera
396 1540 458 1589 et
504 1551 685 1607 pensa
736 1551 1076 1608 egenorum.
1176 1525 1358 1588 Nunc
1411 1531 1583 1587 venia
1629 1531 1704 1587 sit
1759 1531 1928 1587 nobis

171 1649 357 1705 pauca
385 1630 595 1686 eodem
633 1629 960 1704 spectantia
998 1647 1074 1684 ex
1106 1626 1392 1703 Odysseia
1423 1646 1659 1702 quoque
1690 1645 1928 1683 sumen-

171 1727 346 1783 tibus.
415 1726 681 1793 Quorum
713 1744 824 1800 ope
855 1724 1025 1780 simu]
1061 1731 1121 1780 et
1154 1725 1227 1780 de
1259 1731 1386 1780 toto
1421 1724 1680 1780 carmine
1711 1724 1928 1780 certius

173 1824 416 1879 fortasse
434 1822 728 1896 judicabit
759 1821 1068 1896 quispiam,
1100 1829 1377 1877 utrumne
1407 1822 1466 1876 id
1498 1840 1573 1877 ex
1604 1820 1714 1876 hac
1746 1821 1928 1877 etiam

172 1927 313 1976 nota
342 1919 481 1975 satis
512 1918 662 1974 bene
696 1917 961 1974 Homero
993 1917 1342 1973 vindicetur.
1833 1990 1836 1992 .

256 2015 576 2071 Mittamus
608 2034 744 2070 vero
790 2034 860 2070 ea
896 2033 1023 2088 quae
1062 2013 1246 2071 fusius
1291 2021 1428 2070 sunt
1468 2023 1607 2070 ante
1637 2020 1924 2081 tractata3

173 2112 334 2168 verbi
377 2112 579 2187 gratia,
618 2111 691 2167 de
729 2112 1011 2185 temporis
1057 2111 1322 2186 signandi
1367 2112 1610 2176 ratione,
1644 2130 1817 2185 quam
1865 2111 1927 2165 in

173 2208 332 2264 omni
363 2207 485 2263 vita
521 2206 712 2262 solent
757 2206 1003 2281 operarii
1033 2206 1319 2273 homineS‚
1351 2206 1499 2263 solet
1532 2213 1593 2263 et
1626 2206 1925 2263 Homerus

173 2303 233 2358 in
263 2309 513 2378 utroque
543 2310 816 2378 poemate
848 2322 1078 2359 servare
1099 2312 1141 2359 ἃ.

387 2447 389 2449 »
407 2417 463 2462 ὧς
483 2415 519 2459 δ’
543 2416 602 2459 ὅτ’
625 2416 730 2473 ἀνὴρ
752 2417 930 2474 δόρποιο
950 2418 1177 2469 λιλαίεται,
1199 2415 1281 2477 ᾧτε
1301 2419 1499 2475 πανῆμαρ

406 2490 516 2532 νειὸν
536 2488 597 2532 ἄν’
621 2489 802 2544 ἕλκητον
821 2491 901 2541 βόε
923 2487 1066 2532 οἴνοπε
1086 2492 1248 2545 πηκτὸν
1268 2491 1464 2548 ἄροτρον·

407 2560 638 2605 ἀσπασίως
660 2560 695 2603 δ’
719 2560 801 2617 ἄρα
822 2564 880 2619 τῷ
905 2562 1058 2605 κατέδυ
1080 2563 1195 2619 φάος
1215 2561 1389 2617 ἠελίοιο,

405 2632 568 2688 δόρπον
588 2632 855 2689 ἐποίχεσθαι,
876 2634 1090 2685 βλάβεται
1111 2633 1160 2676 δέ
1180 2652 1226 2676 τε
1246 2632 1415 2692 γούνατ’
1439 2634 1558 2676 ἰόντι·

408 2705 464 2748 ὣς
482 2702 659 2759 Ὀδυσῆ’
681 2704 912 2748 ἀσπαστον
933 2705 1005 2748 ἔδυ
1027 2706 1142 2761 φάος
1161 2703 1323 2760 ἠελίοιο
1330 2739 1503 2749 .......

410 2808 566 2819 ......
582 2774 712 2831 ι’ἦμος
733 2775 768 2818 δ’
792 2776 861 2818 ἐπὶ
884 2776 1044 2833 δόρπον
1065 2777 1170 2834 ἀνὴρ
1191 2777 1402 2834 ἀγορῆθεν
1422 2776 1596 2831 ἀνέστη,

407 2846 559 2902 κρίνων
579 2847 715 2891 νείκεα
734 2848 882 2890 πολλὰ
902 2848 1182 2904 δικαζομένων
1201 2847 1371 2904 ἆϊζηῶν,

401 2920 532 2973 τῆμος
553 2918 603 2974 δὴ
624 2919 727 2976 τάγε
747 2919 879 2975 δοῦρα
899 2916 1142 2976 Χαρύβδιος
1162 2919 1420 2977 ἐξεφαάνθη.

174 3017 491 3075 Mittamus
536 3028 596 3076 et
641 3039 710 3076 ea
753 3040 886 3095 quae
931 3022 1199 3098 negotiis,
1230 3023 1552 3098 praesertim
1596 3023 1924 3099 agrestibus

172 3132 238 3169 ac
267 3115 534 3181 nauticiS‚
571 3116 870 3173 intentum
914 3117 1279 3193 significant:
1327 3118 1491 3174 velut
1535 3137 1605 3174 ea
1644 3138 1772 3192 quae
1811 3119 1925 3195 Cy-

174 3210 466 3285 clopeium
498 3213 714 3269 ostium
745 3215 1141 3270 metiunturcz

411 3359 626 3370 ........
643 3326 820 3382 ἐπέθηκε
842 3328 994 3384 θυρεὸν
1014 3328 1149 3386 μέγαν
1168 3326 1307 3384 ὕψοσ’
1330 3326 1488 3385 ἀείρας,

405 3395 599 3453 ὄβριμον·
632 3398 707 3442 οὐκ
729 3398 780 3442 ἂν
801 3401 926 3456 τόνγε
947 3398 1047 3443 δύω
1077 3400 1158 3443 καὶ
1186 3398 1345 3444 εἵκοσ’
1367 3400 1525 3457 ἆμάξαι

352 3562 368 3578 “
399 3554 485 3599 od.
508 3556 598 3600 xiii.
622 3571 694 3613 31.
977 3558 995 3584 ¹³
1025 3560 1100 3603 xii,
1124 3575 1225 3618 439.
1515 3569 1530 3587 ⁰
1560 3562 1619 3606 ix.
1644 3577 1744 3617 240,

1028 3650 1072 3696 Q
