2320 4126
200 251 357 287 PRAEL.
374 252 501 285 xvu.
621 240 822 287 evocata
834 234 1130 303 praesertim
1155 232 1260 302 ejus
1297 232 1506 285 Umbra.
1847 237 1956 288 303

195 376 583 451 premendum
629 380 720 431 est
762 374 911 431 illud
954 374 1235 445 ἀβλαβὴς,
1273 375 1438 449 quasi
1481 373 1648 430 nullo
1691 394 1954 449 unquam

194 480 463 548 tempore
513 472 670 529 male
716 473 1028 529 cessissent
1082 472 1277 529 Persis
1326 471 1492 529 Darii
1540 490 1735 539 arma3
1801 473 1955 528 siout

194 587 386 644 neque
416 568 519 625 illa
548 567 916 625 chorioorum
947 587 1155 625 senum
1176 569 1429 643 jactatio
1441 577 1479 636 θ,

610 688 759 732 νοστοὶ
780 687 812 731 δ’
841 687 887 731 ἐκ
906 687 1110 745 πολέμων
1130 688 1329 740 ἀπόνους,
1346 688 1540 740 ἀπαθεῖς,

608 759 655 803 εὖ
675 759 963 816 πράσσοντας
981 758 1090 819 ἦγον
1110 758 1267 806 οἴκους.

196 860 462 918 Fuerunt
498 860 597 934 qui
634 859 760 916 haeo
804 859 949 914 vitio
994 866 1295 916 verterent
1332 857 1637 936 AEsehyIO,
1670 867 1954 936 tanquam

195 957 312 1013 fide
349 956 608 1012 historiae
648 973 768 1010 non
802 954 956 1011 bene
996 961 1244 1011 servata.
1331 954 1585 1023 Verum,
1617 963 1684 1012 ut
1729 958 1953 1031 opinor,

194 1053 295 1109 vix
347 1058 585 1108 tantum
629 1043 837 1107 valuit
869 1049 963 1106 vel
1010 1049 1153 1126 fuga
1198 1049 1300 1107 illa
1353 1049 1634 1127 Scythica
1683 1052 1778 1108 vel
1830 1053 1954 1127 ipse

196 1147 540 1213 Marathon,
571 1152 639 1202 ut
677 1152 769 1202 tot
809 1165 1097 1202 annorum
1132 1148 1499 1216 memoriam,
1530 1148 1846 1223 tranquille
1886 1168 1954 1205 ao

193 1242 448 1301 feliciter
476 1247 761 1306 actorum,
791 1241 1103 1298 obscurare
1133 1242 1466 1299 debuerint.

279 1337 400 1396 Sed
444 1337 753 1394 redeamus
797 1336 872 1392 ad
915 1354 1227 1411 personam
1270 1337 1455 1395 Darii.
1545 1321 1713 1394 Num
1758 1338 1955 1412 potuit

193 1433 388 1491 verius
438 1432 689 1507 exprimi
745 1432 1075 1488 reverentia
1132 1433 1243 1508 piis
1295 1433 1639 1509 dignissima
1690 1433 1956 1513 sacerdo-

194 1529 372 1596 tibus,
423 1546 600 1603 quam
650 1527 754 1584 ubi
801 1546 969 1584 senes
1016 1527 1237 1585 ehorioi
1289 1530 1513 1606 regiam
1561 1549 1594 1586 e
1646 1529 1955 1604 sepulchro

195 1624 453 1681 animam
484 1631 663 1682 cantu
693 1620 1060 1681 arcessuntf?

549 1741 574 1797 ἦ
595 1741 635 1800 ρ’
657 1739 740 1786 ἀΐει
760 1761 844 1799 μου
864 1743 1099 1800 μακαρίτας
1119 1744 1358 1801 ἰσοδαίμων
1378 1746 1590 1798 βασιλεὺς

553 1814 760 1871 βάρβαρα
781 1815 957 1871 σαφηνῆ

556 1885 691 1930 ἱέντος
710 1885 764 1929 τὰ
783 1884 980 1930 παναίολ’

551 1957 673 2014 αἷανῆ
695 1955 894 2014 δύσθροα
913 1957 1117 2015 βάγματα
1130 1976 1162 2010 3.
1181 1992 1191 2003 .
1212 1991 1222 2002 .
1240 1992 1250 2003 .

553 2028 701 2086 νέρθεν
721 2026 804 2085 ἆρα
825 2027 944 2071 κλύει
963 2047 1047 2085 μου
1064 2047 1079 2081 3

553 2100 671 2143 ἀλλά
692 2098 750 2144 σύ
770 2118 857 2156 μοι,
880 2102 942 2143 Γᾶ
963 2118 1010 2144 τε
1031 2101 1100 2144 καὶ
1121 2100 1201 2145 ἅλ-

551 2173 623 2214 λοι
643 2171 830 2227 χθονίων
849 2170 1069 2230 ἁγεμόνες,

551 2241 730 2298 δαίμονα
749 2245 1001 2300 μεγαλαυχῆ

560 2312 661 2357 ἰόντ’
685 2313 872 2358 αἰνέσατ’
897 2314 943 2358 ἐκ
965 2315 1120 2371 δόμων,

555 2387 735 2441 Περσᾶν
756 2389 992 2444 Σουσιγενῆ
1015 2387 1129 2439 θεὸν,

556 2455 747 2513 πέμπετε
767 2455 804 2501 δ’
826 2457 927 2509 ἅνω,

554 2525 646 2571 οἷον
666 2530 783 2572 οὔπω

554 2596 720 2654 Πέρσις
740 2595 800 2642 αἶ’
822 2598 1058 2657 ἐκάλυψεν.

555 2668 581 2724 ἢ
603 2669 739 2726 φίλος
758 2669 879 2727 ἀνὴρ,
896 2671 1032 2728 φίλος
1051 2669 1198 2729 ὄχθος,
1216 2672 1331 2729 φίλα
1351 2673 1436 2731 γὰρ

558 2739 755 2785 κεκεύθεν
774 2741 870 2798 ἤθη·
900 2741 1127 2788 Ἀϊδωνεὺς

555 2810 592 2854 δ’
614 2811 865 2869 ἀνάπομπος
884 2814 1039 2871 ἀνείης,
1060 2814 1301 2868 Ἀϊδωνεὺς,

558 2886 754 2941 Δαρεῖον,
777 2885 869 2930 οἷὸν
888 2885 1046 2931 ἄνακτα
1068 2889 1264 2945 Δαρεῖον·
1297 2886 1361 2943 ἦέ.

205 2984 341 3054 Quo
387 2984 602 3042 deinde
648 2985 866 3044 affectu
917 2988 1029 3046 sibi
1074 2988 1309 3066 fingunt
1356 2990 1451 3047 vel
1498 2992 1708 3049 tiaram
1756 3000 1818 3050 et
1864 3013 1961 3050 oo-

205 3079 491 3136 thurnum
556 3084 929 3158 emergentis,
990 3090 1193 3143 vetera
1256 3087 1403 3164 regii
1476 3088 1801 3164 splendoris
1872 3090 1960 3145 in-

205 3175 429 3253 signia&
454 3176 464 3231 Ξ

556 3293 711 3350 βαλὴν,
733 3294 913 3354 ἀρχαῖος
931 3297 1088 3354 βαλὴν,
1109 3279 1185 3351 iva,
1207 3296 1315 3350 ἵκου,

559 3363 653 3409 ἔλθ’
676 3365 740 3411 ἐπ’
761 3366 892 3423 ἄκρον
913 3370 1131 3426 κόρυμβον
1151 3369 1196 3413 ὅ·

386 3543 400 3559 ⁸
432 3537 554 3580 Pers.
578 3537 679 3581 868.
963 3542 980 3571 f
1012 3543 1115 3586 Ver.
1140 3543 1240 3599 639,
1501 3553 1518 3577 g
1550 3546 1653 3590 Ver.
1678 3547 1779 3603 663.
