2320 4126
147 286 301 320 PRAEL.
321 285 390 318 xl.
448 263 694 331 Emempla
719 261 988 333 Homerica
1013 260 1072 311 de
1093 260 1285 327 patriae
1309 259 1569 310 desiderio,
1779 259 1848 312 17
1853 260 1886 312 '7

144 418 366 484 septem
385 407 549 463 annis
573 404 763 479 palam
789 411 849 459 et
872 410 1073 477 aperte
1095 402 1388 476 professus
1407 409 1532 457 erat
1555 420 1616 457 sc
1635 402 1884 475 patriam

141 512 315 579 atque
350 504 660 576 conjugem
693 499 996 574 respicere.
1085 497 1296 571 Itaque
1336 516 1406 553 ea
1444 496 1778 572 neglectam
1824 516 1886 553 se

140 600 301 676 queri
331 599 541 673 potuit,
574 597 883 670 deceptam
915 595 1077 669 queri
1108 614 1225 650 non
1257 594 1486 668 potuit:
1528 601 1707 668 atque
1739 593 1885 649 adeo

145 697 266 770 ejus
296 695 455 769 quasi
487 692 812 749 indolentia
840 691 1097 766 pertinet
1128 691 1200 746 ad
1233 689 1462 765 Ulyssis
1492 690 1746 746 laudem.

226 789 456 845 Deinde
507 806 681 861 quam
732 786 926 860 lepide
974 803 1268 859 quamque
1325 784 1647 858 prudenter
1690 784 1890 857 conju-

138 888 296 963 gium
339 883 483 940 illud
520 880 854 939 immortale
897 887 986 937 est
1026 880 1409 955 deprecatus!
1499 879 1676 938 Dicas
1715 880 1889 955 plane

138 982 435 1038 hominem
482 979 717 1054 regibus
761 979 850 1033 uti
896 977 1060 1033 scire.
1171 976 1363 1033 Simul
1411 984 1473 1033 et
1517 996 1683 1034 suam
1732 995 1891 1033 com-

141 1077 379 1134 mendat
424 1075 833 1141 constantiam,
871 1075 1027 1148 quod
1073 1092 1191 1129 non
1225 1072 1478 1147 juvenili
1524 1075 1749 1141 ardore,
1787 1073 1889 1129 sed

139 1174 352 1231 maturi
383 1172 561 1228 animi
588 1171 814 1246 judicio
846 1169 1158 1226 mortalem
1190 1169 1503 1245 conjugem
1535 1170 1683 1227 divae
1727 1175 1892 1226 ante—

140 1271 338 1346 ponit:
411 1268 672 1343 alioquin
744 1266 1139 1342 pulchriorem
1212 1266 1362 1322 hanc
1423 1267 1523 1323 vix
1588 1267 1890 1324 fateretur.

143 1366 324 1423 Plane
352 1366 605 1422 eundem
635 1364 936 1419 hominem
968 1381 1264 1438 agnoscaS,
1291 1364 1390 1437 qui
1425 1364 1693 1421 Ithacam
1726 1382 1889 1420 suam

144 1463 333 1539 elogio
362 1463 474 1518 isto
507 1456 793 1516 ornavitiz

377 1623 551 1668 ναιετάω
574 1622 609 1666 δ’
631 1622 798 1678 Ἰθάκην
819 1622 1045 1665 εὐδείελον·
1081 1621 1126 1665 ἐν
1148 1621 1182 1664 δ’
1207 1620 1307 1679 ὅρος
1327 1621 1450 1676 αὐτῇ,

374 1695 561 1754 Νήριτον
582 1695 910 1752 εἰνοσίφυλλον,
931 1693 1177 1751 ἀρίπρεπες·
1212 1692 1327 1750 ἀμφὶ
1349 1693 1396 1736 δέ
1419 1695 1541 1749 νῆσοι

375 1769 538 1813 πολλαὶ
560 1766 802 1812 ναιετάουσι
824 1767 940 1822 μαλὰ
962 1766 1125 1822 σχεδὸν
1144 1764 1406 1821 ἀλλήλῃσιν,

383 1841 618 1896 Δουλίχιόν
638 1857 685 1882 τε
707 1837 822 1895 Σάμη
844 1856 906 1889 τε,
929 1838 997 1881 καὶ
1018 1838 1220 1892 ὑλήεσσα
1241 1836 1465 1882 Ζάκυνθος·

375 1910 479 1966 αὐτὴ
503 1910 549 1953 δέ
570 1908 772 1966 χθαμαλὴ
793 1907 1092 1966 πανυπερτάτη
1115 1908 1177 1951 εῖν
1197 1908 1270 1951 ἅλι
1291 1911 1423 1952 κεῖται

373 1984 481 2041 πρὸς
502 1982 650 2039 ζόφον·
684 1983 726 2025 αἱ
749 1981 798 2024 δέ
816 1981 851 2024 τ’
874 1981 1023 2025 ἄνευθε
1043 1982 1151 2038 πρὸς
1171 1979 1232 2036 ἦῶ
1255 1980 1289 2025 τ’
1312 1979 1459 2037 ἠέλιόν
1479 1994 1537 2024 τε·

377 2053 552 2113 τρήχει’,
574 2053 671 2098 ἀλλ’
694 2054 832 2113 ἀγαθὴ
854 2056 1162 2112 κουροτρόφος·
1196 2056 1314 2098 οὔτοι
1334 2055 1472 2112 ἔγωγε

377 2126 426 2183 ἧς
444 2126 567 2185 γαίης
588 2125 767 2182 δύναμαι
789 2127 1110 2183 γλυκερώτερον
1131 2125 1245 2168 ἄλλο
1267 2124 1451 2170 ἰδέσθαι.

148 2269 287 2328 Non
316 2272 478 2346 quasi
509 2271 792 2346 optimam
823 2271 1132 2336 desiderat,
1166 2271 1265 2327 sed
1298 2270 1461 2344 quasi
1493 2289 1675 2326 suam.

248 2365 360 2422 Illa
418 2385 553 2423 vero
616 2366 1027 2442 pulcherrima,
1086 2366 1298 2441 quibus
1358 2366 1570 2423 ducem
1629 2367 1894 2442 depingit

148 2469 354 2537 praeter
381 2481 548 2538 spem
576 2463 650 2520 ad
681 2482 814 2521 suos
844 2482 1161 2528 reversum,
1185 2462 1360 2520 simul
1391 2470 1452 2519 et
1482 2462 1640 2520 aliud
1664 2463 1892 2539 agendo

149 2556 508 2634 inexpletam
538 2560 741 2634 patriae
772 2560 930 2617 sitim
963 2556 1279 2615 declaratk.

381 2720 437 2765 ὣς
458 2718 494 2762 δ’
517 2718 576 2763 ὅτ’
601 2719 652 2764 ἂν
672 2719 882 2778 ἄγραυλοι
901 2722 1052 2778 πόριες
1071 2720 1170 2776 περὶ
1189 2719 1295 2772 βοὺς
1313 2718 1530 2776 ἀγελαίας,

381 2789 597 2835 ἐλθούσας
616 2790 659 2835 ἐς
681 2792 855 2847 κόπρον,
878 2792 982 2846 ἕπην
1002 2789 1185 2846 βοτάνης
1206 2789 1480 2847 κορέσωνται,

383 2863 519 2905 πᾶσαι
540 2861 627 2917 ἅμα
648 2861 901 2918 σκαίρουσιν
921 2862 1119 2914 ἐναντίαι,
1141 2861 1232 2906 οὐδ’
1255 2862 1318 2905 ἔτι
1340 2862 1465 2918 σηκοὶ

381 2931 575 2990 ἰ’σχουσ’,
596 2930 694 2976 ἀλλ’
717 2932 861 2977 ἀδινὸν
879 2936 1118 2991 μυκώμεναι
1138 2932 1402 2991 ἀμφιθέουσι

382 3003 576 3062 μητέρας·
610 3006 666 3050 ὣς
687 3005 759 3061 ἐμὲ
780 3009 921 3057 κεῖνοι,
944 3006 1036 3050 ἐπεὶ
1055 3005 1148 3050 ἴδον
1169 3006 1480 3063 ὀφθαλμοῖσιν,

384 3076 656 3132 δακρυόεντες
676 3075 842 3131 ἔχυντο·
877 3075 1035 3131 δόκησε
1057 3075 1093 3119 δ’
1115 3076 1198 3134 ἄρα
1219 3077 1356 3134 σφίσι
1377 3076 1509 3132 θυμὸς

385 3149 441 3193 ὣς
460 3149 571 3204 ἔμεν,
594 3148 650 3192 ὣς
670 3148 706 3190 εἶ
726 3147 892 3205 πατρίδ’
917 3148 1076 3192 ἱκοίατο
1098 3149 1166 3192 καὶ
1184 3150 1314 3193 πόλιν
1334 3149 1472 3192 αὐτῶν

384 3219 582 3276 τρηχείης
597 3217 776 3274 Ἰθάκης,
797 3218 865 3262 ἵνα
886 3218 920 3262 τ’
945 3218 1132 3277 ἐτράφεν
1151 3218 1215 3274 ἧδ’
1237 3219 1451 3278 ἐγένοντο.

158 3359 244 3418 Ea
286 3364 514 3437 quoties
557 3363 706 3439 legO,
747 3364 898 3421 solet
940 3363 1087 3420 mihi
1128 3364 1481 3419 sacrosancti
1527 3363 1800 3419 carminis
1835 3365 1895 3419 in

156 3465 416 3513 mentem
454 3458 668 3524 venire,
707 3460 904 3514 nescio
947 3477 1022 3514 an
1067 3477 1184 3514 non
1224 3458 1363 3514 satis
1398 3465 1553 3532 apte,
1591 3459 1693 3515 sed
1735 3461 1896 3515 venit.

391 3602 400 3627 ἰ
432 3602 521 3646 Od.
542 3603 602 3647 ix.
627 3617 696 3646 21.
1445 3605 1463 3629 ι*
1492 3621 1535 3648 x.
1559 3620 1660 3660 410.

1003 3682 1043 3719 N
