<?xml version="1.0" encoding="UTF-8"?>
<!DOCTYPE html PUBLIC "-//W3C//DTD XHTML 1.0 Transitional//EN"
    "http://www.w3.org/TR/xhtml1/DTD/xhtml1-transitional.dtd">
<html xmlns="http://www.w3.org/1999/xhtml" xml:lang="en" lang="en">
 <head>
  <title>
</title>
<meta http-equiv="Content-Type" content="text/html;charset=utf-8" />
  <meta name='ocr-system' content='tesseract 3.04.00' />
  <meta name='ocr-capabilities' content='ocr_page ocr_carea ocr_par ocr_line ocrx_word'/>
</head>
<body>
  <div class='ocr_page' id='page_1' title='image "./a588873901kebluoft_0240.png"; bbox 0 0 2320 4126; ppageno 0'>
   <div class='ocr_carea' id='block_1_1' title="bbox 380 177 2181 261">
    <p class='ocr_par' dir='ltr' id='par_1_1' title="bbox 380 177 2181 261">
     <span class='ocr_line' id='line_1_1' title="bbox 380 177 2181 261; baseline 0.006 -27"><span class='ocrx_word' id='word_1_1' title='bbox 380 183 491 235; x_wconf 70' lang='lat'>230</span> <span class='ocrx_word' id='word_1_2' title='bbox 770 185 1036 252; x_wconf 71' lang='lat' dir='ltr'>Eumaeus,</span> <span class='ocrx_word' id='word_1_3' title='bbox 1059 189 1290 258; x_wconf 53' lang='lat' dir='ltr'>‚qenerosi</span> <span class='ocrx_word' id='word_1_4' title='bbox 1299 189 1506 261; x_wconf 76' lang='lat' dir='ltr'>famuli</span> <span class='ocrx_word' id='word_1_5' title='bbox 1529 190 1797 260; x_wconf 73' lang='lat' dir='ltr'><em>specimen.</em></span> <span class='ocrx_word' id='word_1_6' title='bbox 1864 177 2047 243; x_wconf 39' lang='lat' dir='ltr'>&#39;PRAEn</span> <span class='ocrx_word' id='word_1_7' title='bbox 2065 209 2181 245; x_wconf 79' lang='lat' dir='ltr'>XIV.</span> 
     </span>
    </p>
   </div>
   <div class='ocr_carea' id='block_1_2' title="bbox 627 332 1863 1354">
    <p class='ocr_par' dir='ltr' id='par_1_2' title="bbox 627 332 1820 612">
     <span class='ocr_line' id='line_1_2' title="bbox 628 332 1638 393; baseline 0.001 -14"><span class='ocrx_word' id='word_1_8' title='bbox 628 334 759 388; x_wconf 83' lang='grc' dir='ltr'>τῇσιν</span> <span class='ocrx_word' id='word_1_9' title='bbox 781 332 948 376; x_wconf 87' lang='grc' dir='ltr'>δώδεκα</span> <span class='ocrx_word' id='word_1_10' title='bbox 967 335 1109 378; x_wconf 82' lang='grc' dir='ltr'>πᾶσαι</span> <span class='ocrx_word' id='word_1_11' title='bbox 1131 332 1403 393; x_wconf 88' lang='grc' dir='ltr'>ε’πεῤῥώοντο</span> <span class='ocrx_word' id='word_1_12' title='bbox 1423 336 1638 393; x_wconf 81' lang='grc' dir='ltr'>γυναῖκες,</span> 
     </span>
     <span class='ocr_line' id='line_1_3' title="bbox 627 404 1760 467; baseline 0.003 -17"><span class='ocrx_word' id='word_1_13' title='bbox 627 404 797 465; x_wconf 73' lang='grc' dir='ltr'>ἄλφιτα</span> <span class='ocrx_word' id='word_1_14' title='bbox 818 404 1059 464; x_wconf 76' lang='grc' dir='ltr'>τεύχουσαι</span> <span class='ocrx_word' id='word_1_15' title='bbox 1081 407 1150 450; x_wconf 85' lang='grc' dir='ltr'>καὶ</span> <span class='ocrx_word' id='word_1_16' title='bbox 1171 406 1369 460; x_wconf 82' lang='grc' dir='ltr'>ἀλείατα,</span> <span class='ocrx_word' id='word_1_17' title='bbox 1390 408 1556 464; x_wconf 86' lang='grc' dir='ltr'>μυελὸν</span> <span class='ocrx_word' id='word_1_18' title='bbox 1576 408 1760 467; x_wconf 84' lang='grc' dir='ltr'>ἀνδρῶν·</span> 
     </span>
     <span class='ocr_line' id='line_1_4' title="bbox 627 478 1820 539; baseline 0.004 -16"><span class='ocrx_word' id='word_1_19' title='bbox 627 481 672 524; x_wconf 80' lang='grc' dir='ltr'>αἶ</span> <span class='ocrx_word' id='word_1_20' title='bbox 692 481 772 538; x_wconf 81' lang='grc' dir='ltr'>μὲν</span> <span class='ocrx_word' id='word_1_21' title='bbox 792 478 859 539; x_wconf 71' lang='grc' dir='ltr'>ἄρ’</span> <span class='ocrx_word' id='word_1_22' title='bbox 881 479 1016 524; x_wconf 76' lang='grc' dir='ltr'>ἄλλαι</span> <span class='ocrx_word' id='word_1_23' title='bbox 1037 478 1178 532; x_wconf 75' lang='grc' dir='ltr'>εὗδον,</span> <span class='ocrx_word' id='word_1_24' title='bbox 1202 480 1296 525; x_wconf 85' lang='grc' dir='ltr'>ἐπεὶ</span> <span class='ocrx_word' id='word_1_25' title='bbox 1318 481 1426 524; x_wconf 87' lang='grc' dir='ltr'>κατὰ</span> <span class='ocrx_word' id='word_1_26' title='bbox 1446 482 1586 539; x_wconf 89' lang='grc' dir='ltr'>πυρὸν</span> <span class='ocrx_word' id='word_1_27' title='bbox 1601 481 1820 528; x_wconf 78' lang='grc' dir='ltr'>ἄλεσσαν·</span> 
     </span>
     <span class='ocr_line' id='line_1_5' title="bbox 628 552 1747 612; baseline 0.002 -14"><span class='ocrx_word' id='word_1_28' title='bbox 628 553 653 611; x_wconf 87' lang='grc' dir='ltr'>ἡ</span> <span class='ocrx_word' id='word_1_29' title='bbox 677 553 724 598; x_wconf 74' lang='grc' dir='ltr'>δὲ</span> <span class='ocrx_word' id='word_1_30' title='bbox 745 553 807 612; x_wconf 86' lang='grc' dir='ltr'>μί’</span> <span class='ocrx_word' id='word_1_31' title='bbox 829 556 950 598; x_wconf 81' lang='grc' dir='ltr'>οὔπω</span> <span class='ocrx_word' id='word_1_32' title='bbox 971 552 1135 607; x_wconf 87' lang='grc' dir='ltr'>πάνετ’,</span> <span class='ocrx_word' id='word_1_33' title='bbox 1159 553 1444 612; x_wconf 83' lang='grc' dir='ltr'>ἀφαυροτάτη</span> <span class='ocrx_word' id='word_1_34' title='bbox 1469 553 1505 600; x_wconf 89' lang='grc' dir='ltr'>δ’</span> <span class='ocrx_word' id='word_1_35' title='bbox 1530 554 1747 601; x_wconf 80' lang='grc' dir='ltr'>ἐτέτυκτο·</span> 
     </span>
    </p>

    <p class='ocr_par' dir='ltr' id='par_1_3' title="bbox 628 625 1863 1061">
     <span class='ocr_line' id='line_1_6' title="bbox 628 625 1761 687; baseline 0.004 -16"><span class='ocrx_word' id='word_1_36' title='bbox 628 628 658 686; x_wconf 82' lang='grc' dir='ltr'><em>ἥ</em></span> <span class='ocrx_word' id='word_1_37' title='bbox 675 626 731 687; x_wconf 87' lang='grc' dir='ltr'>ῥα</span> <span class='ocrx_word' id='word_1_38' title='bbox 750 626 895 685; x_wconf 84' lang='grc' dir='ltr'>μύλην</span> <span class='ocrx_word' id='word_1_39' title='bbox 916 625 1144 684; x_wconf 81' lang='grc' dir='ltr'>στήσασα,</span> <span class='ocrx_word' id='word_1_40' title='bbox 1169 627 1274 675; x_wconf 83' lang='grc' dir='ltr'>ἔπος</span> <span class='ocrx_word' id='word_1_41' title='bbox 1295 629 1430 686; x_wconf 88' lang='grc' dir='ltr'>φάτο,</span> <span class='ocrx_word' id='word_1_42' title='bbox 1453 630 1574 687; x_wconf 85' lang='grc' dir='ltr'>σῆμα</span> <span class='ocrx_word' id='word_1_43' title='bbox 1596 629 1761 675; x_wconf 78' lang='grc' dir='ltr'>ἄνακτι·</span> 
     </span>
     <span class='ocr_line' id='line_1_7' title="bbox 631 699 1863 761; baseline 0.003 -16"><span class='ocrx_word' id='word_1_44' title='bbox 631 704 713 745; x_wconf 86' lang='grc' dir='ltr'>Ζεῦ</span> <span class='ocrx_word' id='word_1_45' title='bbox 732 701 887 759; x_wconf 73' lang='grc' dir='ltr'>πατέρ,</span> <span class='ocrx_word' id='word_1_46' title='bbox 911 699 960 747; x_wconf 83' lang='grc' dir='ltr'>ὅς</span> <span class='ocrx_word' id='word_1_47' title='bbox 978 700 1036 759; x_wconf 89' lang='grc' dir='ltr'>ῥα</span> <span class='ocrx_word' id='word_1_48' title='bbox 1057 700 1200 745; x_wconf 84' lang='grc' dir='ltr'>θεοῖσι</span> <span class='ocrx_word' id='word_1_49' title='bbox 1222 700 1293 745; x_wconf 85' lang='grc' dir='ltr'>καὶ</span> <span class='ocrx_word' id='word_1_50' title='bbox 1313 700 1614 761; x_wconf 82' lang='grc' dir='ltr'>ἀνθρώποισιν</span> <span class='ocrx_word' id='word_1_51' title='bbox 1632 702 1863 757; x_wconf 74' lang='grc' dir='ltr'>ἀνάσσεις,</span> 
     </span>
     <span class='ocr_line' id='line_1_8' title="bbox 628 774 1755 836; baseline 0.004 -17"><span class='ocrx_word' id='word_1_52' title='bbox 628 774 654 832; x_wconf 87' lang='grc' dir='ltr'><strong><em>ἧ</em></strong></span> <span class='ocrx_word' id='word_1_53' title='bbox 676 774 832 835; x_wconf 84' lang='grc' dir='ltr'>μεγάλ’</span> <span class='ocrx_word' id='word_1_54' title='bbox 855 775 1129 832; x_wconf 84' lang='grc' dir='ltr'>ἐβρόντησας</span> <span class='ocrx_word' id='word_1_55' title='bbox 1148 774 1221 820; x_wconf 88' lang='grc' dir='ltr'>ἀπ’</span> <span class='ocrx_word' id='word_1_56' title='bbox 1243 776 1429 834; x_wconf 78' lang='grc' dir='ltr'>οὐρανοῦ</span> <span class='ocrx_word' id='word_1_57' title='bbox 1450 775 1755 836; x_wconf 79' lang='grc' dir='ltr'>ἀστερόεντος,</span> 
     </span>
     <span class='ocr_line' id='line_1_9' title="bbox 629 848 1823 911; baseline 0 -15"><span class='ocrx_word' id='word_1_58' title='bbox 629 849 734 898; x_wconf 80' lang='grc' dir='ltr'>οὐδέ</span> <span class='ocrx_word' id='word_1_59' title='bbox 752 849 858 896; x_wconf 85' lang='grc' dir='ltr'>ποθι</span> <span class='ocrx_word' id='word_1_60' title='bbox 881 848 1019 908; x_wconf 82' lang='grc' dir='ltr'>νέφος</span> <span class='ocrx_word' id='word_1_61' title='bbox 1039 849 1153 896; x_wconf 84' lang='grc' dir='ltr'>ἐστί’</span> <span class='ocrx_word' id='word_1_62' title='bbox 1188 849 1317 908; x_wconf 80' lang='grc' dir='ltr'>τέρας</span> <span class='ocrx_word' id='word_1_63' title='bbox 1338 849 1387 896; x_wconf 82' lang='grc' dir='ltr'>νύ</span> <span class='ocrx_word' id='word_1_64' title='bbox 1408 869 1492 911; x_wconf 76' lang='grc' dir='ltr'>τεῳ</span> <span class='ocrx_word' id='word_1_65' title='bbox 1513 852 1615 896; x_wconf 89' lang='grc' dir='ltr'>τόδε</span> <span class='ocrx_word' id='word_1_66' title='bbox 1636 851 1823 910; x_wconf 83' lang='grc' dir='ltr'>φαίνεις.</span> 
     </span>
     <span class='ocr_line' id='line_1_10' title="bbox 628 923 1719 983; baseline 0.002 -15"><span class='ocrx_word' id='word_1_67' title='bbox 628 926 785 983; x_wconf 84' lang='grc' dir='ltr'>κρῆνον</span> <span class='ocrx_word' id='word_1_68' title='bbox 805 927 881 969; x_wconf 87' lang='grc' dir='ltr'>νῦν</span> <span class='ocrx_word' id='word_1_69' title='bbox 901 925 971 968; x_wconf 83' lang='grc' dir='ltr'>καὶ</span> <span class='ocrx_word' id='word_1_70' title='bbox 993 924 1090 981; x_wconf 84' lang='grc' dir='ltr'>ἐμοὶ</span> <span class='ocrx_word' id='word_1_71' title='bbox 1112 924 1238 981; x_wconf 79' lang='grc' dir='ltr'>δειλῇ</span> <span class='ocrx_word' id='word_1_72' title='bbox 1260 925 1366 971; x_wconf 83' lang='grc' dir='ltr'>ἔπος</span> <span class='ocrx_word' id='word_1_73' title='bbox 1386 923 1480 970; x_wconf 85' lang='grc' dir='ltr'>ὅττι</span> <span class='ocrx_word' id='word_1_74' title='bbox 1502 943 1577 970; x_wconf 92' lang='grc' dir='ltr'>κεν</span> <span class='ocrx_word' id='word_1_75' title='bbox 1596 924 1719 970; x_wconf 77' lang='grc' dir='ltr'>εἴπω·</span> 
     </span>
     <span class='ocr_line' id='line_1_11' title="bbox 628 996 1751 1061; baseline 0 -17"><span class='ocrx_word' id='word_1_76' title='bbox 628 999 875 1057; x_wconf 84' lang='grc' dir='ltr'>μνηστῆρες</span> <span class='ocrx_word' id='word_1_77' title='bbox 894 996 1093 1055; x_wconf 80' lang='grc' dir='ltr'>πύματόν</span> <span class='ocrx_word' id='word_1_78' title='bbox 1113 1016 1161 1042; x_wconf 93' lang='grc' dir='ltr'>τε</span> <span class='ocrx_word' id='word_1_79' title='bbox 1183 998 1254 1044; x_wconf 88' lang='grc' dir='ltr'>καὶ</span> <span class='ocrx_word' id='word_1_80' title='bbox 1273 996 1467 1045; x_wconf 77' lang='grc' dir='ltr'>ὕστατον</span> <span class='ocrx_word' id='word_1_81' title='bbox 1487 1002 1617 1058; x_wconf 80' lang='grc' dir='ltr'>ἤματι</span> <span class='ocrx_word' id='word_1_82' title='bbox 1637 1000 1751 1061; x_wconf 67' lang='grc' dir='ltr'>τῷδε</span> 
     </span>
    </p>

    <p class='ocr_par' dir='ltr' id='par_1_4' title="bbox 628 1071 1726 1132">
     <span class='ocr_line' id='line_1_12' title="bbox 628 1071 1726 1132; baseline 0 -14"><span class='ocrx_word' id='word_1_83' title='bbox 628 1073 675 1118; x_wconf 78' lang='grc' dir='ltr'>ἐν</span> <span class='ocrx_word' id='word_1_84' title='bbox 694 1073 903 1132; x_wconf 86' lang='grc' dir='ltr'>μεγάροις</span> <span class='ocrx_word' id='word_1_85' title='bbox 922 1071 1140 1130; x_wconf 86' lang='grc' dir='ltr'>Ὀδυσῆος</span> <span class='ocrx_word' id='word_1_86' title='bbox 1161 1073 1337 1117; x_wconf 80' lang='grc' dir='ltr'>ἑλοίατο</span> <span class='ocrx_word' id='word_1_87' title='bbox 1359 1072 1470 1118; x_wconf 87' lang='grc' dir='ltr'>δαῖτ’</span> <span class='ocrx_word' id='word_1_88' title='bbox 1493 1074 1726 1132; x_wconf 85' lang='grc' dir='ltr'>ε’ρατείνην·</span> 
     </span>
    </p>

    <p class='ocr_par' dir='ltr' id='par_1_5' title="bbox 627 1145 1683 1280">
     <span class='ocr_line' id='line_1_13' title="bbox 627 1145 1683 1207; baseline 0.003 -17"><span class='ocrx_word' id='word_1_89' title='bbox 627 1148 669 1191; x_wconf 81' lang='grc' dir='ltr'>οἱ</span> <span class='ocrx_word' id='word_1_90' title='bbox 689 1145 742 1204; x_wconf 83' lang='grc' dir='ltr'>δή</span> <span class='ocrx_word' id='word_1_91' title='bbox 763 1165 839 1205; x_wconf 94' lang='grc' dir='ltr'>μοι</span> <span class='ocrx_word' id='word_1_92' title='bbox 862 1146 1039 1207; x_wconf 81' lang='grc' dir='ltr'>καμάτῳ</span> <span class='ocrx_word' id='word_1_93' title='bbox 1061 1145 1283 1206; x_wconf 81' lang='grc' dir='ltr'>θυμαλγέϊ</span> <span class='ocrx_word' id='word_1_94' title='bbox 1298 1146 1472 1206; x_wconf 83' lang='grc' dir='ltr'>γοῦνατ’</span> <span class='ocrx_word' id='word_1_95' title='bbox 1496 1148 1683 1201; x_wconf 87' lang='grc' dir='ltr'>ἔλυσαν,</span> 
     </span>
     <span class='ocr_line' id='line_1_14' title="bbox 628 1218 1678 1280; baseline 0.001 -15"><span class='ocrx_word' id='word_1_96' title='bbox 628 1220 801 1280; x_wconf 75' lang='grc' dir='ltr'>ἄλφιτα</span> <span class='ocrx_word' id='word_1_97' title='bbox 821 1219 1059 1279; x_wconf 79' lang='grc' dir='ltr'>τευχούσῃ·</span> <span class='ocrx_word' id='word_1_98' title='bbox 1093 1223 1169 1265; x_wconf 86' lang='grc' dir='ltr'>νῦν</span> <span class='ocrx_word' id='word_1_99' title='bbox 1189 1218 1362 1266; x_wconf 79' lang='grc' dir='ltr'>ὕστατα</span> <span class='ocrx_word' id='word_1_100' title='bbox 1383 1219 1678 1278; x_wconf 80' lang='grc' dir='ltr'>δειπνήσειαν·</span> 
     </span>
    </p>

    <p class='ocr_par' dir='ltr' id='par_1_6' title="bbox 629 1294 1783 1354">
     <span class='ocr_line' id='line_1_15' title="bbox 629 1294 1783 1354; baseline 0.003 -14"><span class='ocrx_word' id='word_1_101' title='bbox 629 1296 688 1345; x_wconf 84' lang='grc' dir='ltr'>ὣς</span> <span class='ocrx_word' id='word_1_102' title='bbox 707 1294 774 1354; x_wconf 74' lang='grc' dir='ltr'>ἄρ’</span> <span class='ocrx_word' id='word_1_103' title='bbox 798 1295 902 1354; x_wconf 86' lang='grc' dir='ltr'>ἔφη·</span> <span class='ocrx_word' id='word_1_104' title='bbox 933 1296 1089 1354; x_wconf 81' lang='grc' dir='ltr'>χαῖρεν</span> <span class='ocrx_word' id='word_1_105' title='bbox 1111 1294 1159 1339; x_wconf 78' lang='grc' dir='ltr'>δὲ</span> <span class='ocrx_word' id='word_1_106' title='bbox 1181 1295 1383 1353; x_wconf 83' lang='grc' dir='ltr'>κλεηδόνι</span> <span class='ocrx_word' id='word_1_107' title='bbox 1405 1295 1499 1342; x_wconf 84' lang='grc' dir='ltr'>δῖος</span> <span class='ocrx_word' id='word_1_108' title='bbox 1517 1294 1783 1343; x_wconf 78' lang='grc' dir='ltr'>Ὀδυσσεύς.</span> 
     </span>
    </p>
   </div>
   <div class='ocr_carea' id='block_1_3' title="bbox 383 1421 2190 3340">
    <p class='ocr_par' dir='ltr' id='par_1_7' title="bbox 383 1421 2190 2180">
     <span class='ocr_line' id='line_1_16' title="bbox 476 1421 2186 1500; baseline 0.001 -20"><span class='ocrx_word' id='word_1_109' title='bbox 476 1423 593 1481; x_wconf 88' lang='lat' dir='ltr'>His</span> <span class='ocrx_word' id='word_1_110' title='bbox 635 1422 882 1480; x_wconf 90' lang='lat' dir='ltr'>omnino</span> <span class='ocrx_word' id='word_1_111' title='bbox 922 1428 1305 1499; x_wconf 84' lang='lat' dir='ltr'>apponantur</span> <span class='ocrx_word' id='word_1_112' title='bbox 1349 1421 1535 1480; x_wconf 86' lang='lat' dir='ltr'>velim</span> <span class='ocrx_word' id='word_1_113' title='bbox 1571 1421 1806 1500; x_wconf 87' lang='lat' dir='ltr'>Ulyssis</span> <span class='ocrx_word' id='word_1_114' title='bbox 1847 1432 1910 1480; x_wconf 91' lang='lat' dir='ltr'>et</span> <span class='ocrx_word' id='word_1_115' title='bbox 1954 1422 2186 1482; x_wconf 86' lang='lat' dir='ltr'>Eumaei</span> 
     </span>
     <span class='ocr_line' id='line_1_17' title="bbox 388 1521 2190 1598; baseline -0.001 -17"><span class='ocrx_word' id='word_1_116' title='bbox 388 1522 707 1598; x_wconf 77' lang='lat' dir='ltr'>colloquia.</span> <span class='ocrx_word' id='word_1_117' title='bbox 759 1521 1072 1579; x_wconf 87' lang='lat' dir='ltr'><strong>Nimirum</strong></span> <span class='ocrx_word' id='word_1_118' title='bbox 1095 1522 1390 1579; x_wconf 80' lang='lat' dir='ltr'>universae</span> <span class='ocrx_word' id='word_1_119' title='bbox 1421 1529 1622 1598; x_wconf 89' lang='lat' dir='ltr'>partes</span> <span class='ocrx_word' id='word_1_120' title='bbox 1647 1522 1880 1580; x_wconf 85' lang='lat' dir='ltr'>Eumaei</span> <span class='ocrx_word' id='word_1_121' title='bbox 1904 1523 2190 1580; x_wconf 88' lang='lat' dir='ltr'>videntur</span> 
     </span>
     <span class='ocr_line' id='line_1_18' title="bbox 387 1620 2188 1699; baseline -0.001 -19"><span class='ocrx_word' id='word_1_122' title='bbox 387 1642 421 1680; x_wconf 94' lang='lat' dir='ltr'>e</span> <span class='ocrx_word' id='word_1_123' title='bbox 460 1623 697 1680; x_wconf 91' lang='lat' dir='ltr'>duabus</span> <span class='ocrx_word' id='word_1_124' title='bbox 731 1621 911 1679; x_wconf 88' lang='lat' dir='ltr'>rebus</span> <span class='ocrx_word' id='word_1_125' title='bbox 952 1622 1105 1679; x_wconf 91' lang='lat' dir='ltr'>mire</span> <span class='ocrx_word' id='word_1_126' title='bbox 1136 1620 1585 1697; x_wconf 90' lang='lat' dir='ltr'>quodammodo</span> <span class='ocrx_word' id='word_1_127' title='bbox 1628 1622 1987 1698; x_wconf 88' lang='lat' dir='ltr'>temperari:</span> <span class='ocrx_word' id='word_1_128' title='bbox 2042 1641 2188 1699; x_wconf 92' lang='lat' dir='ltr'>qua-</span> 
     </span>
     <span class='ocr_line' id='line_1_19' title="bbox 383 1719 2190 1798; baseline 0 -20"><span class='ocrx_word' id='word_1_129' title='bbox 383 1742 519 1778; x_wconf 90' lang='lat' dir='ltr'>rum</span> <span class='ocrx_word' id='word_1_130' title='bbox 567 1722 762 1798; x_wconf 89' lang='lat' dir='ltr'>prima</span> <span class='ocrx_word' id='word_1_131' title='bbox 813 1727 924 1791; x_wconf 82' lang='lat' dir='ltr'>est,</span> <span class='ocrx_word' id='word_1_132' title='bbox 973 1739 1094 1796; x_wconf 90' lang='lat' dir='ltr'>quo</span> <span class='ocrx_word' id='word_1_133' title='bbox 1145 1719 1440 1779; x_wconf 86' lang='lat' dir='ltr'>desiderio</span> <span class='ocrx_word' id='word_1_134' title='bbox 1492 1739 1699 1798; x_wconf 86' lang='lat' dir='ltr'>regem</span> <span class='ocrx_word' id='word_1_135' title='bbox 1751 1739 1927 1778; x_wconf 90' lang='lat' dir='ltr'>suum</span> <span class='ocrx_word' id='word_1_136' title='bbox 1987 1739 2190 1797; x_wconf 86' lang='lat' dir='ltr'>prose-</span> 
     </span>
     <span class='ocr_line' id='line_1_20' title="bbox 386 1818 2187 1901; baseline -0.002 -22"><span class='ocrx_word' id='word_1_137' title='bbox 386 1828 608 1901; x_wconf 78' lang='lat' dir='ltr'><strong>quatur</strong></span> <span class='ocrx_word' id='word_1_138' title='bbox 649 1821 999 1879; x_wconf 79' lang='lat' dir='ltr'><strong>absentem:</strong></span> <span class='ocrx_word' id='word_1_139' title='bbox 1062 1819 1233 1895; x_wconf 85' lang='lat' dir='ltr'>cujus</span> <span class='ocrx_word' id='word_1_140' title='bbox 1285 1819 1530 1895; x_wconf 85' lang='lat' dir='ltr'>quidem</span> <span class='ocrx_word' id='word_1_141' title='bbox 1583 1818 1700 1877; x_wconf 82' lang='lat' dir='ltr'>loci</span> <span class='ocrx_word' id='word_1_142' title='bbox 1752 1821 2068 1889; x_wconf 88' lang='lat' dir='ltr'>rationem,</span> <span class='ocrx_word' id='word_1_143' title='bbox 2114 1826 2187 1876; x_wconf 90' lang='lat' dir='ltr'>ut</span> 
     </span>
     <span class='ocr_line' id='line_1_21' title="bbox 384 1917 2185 1999; baseline -0.002 -19"><span class='ocrx_word' id='word_1_144' title='bbox 384 1921 575 1999; x_wconf 87' lang='lat' dir='ltr'>potui,</span> <span class='ocrx_word' id='word_1_145' title='bbox 611 1921 744 1998; x_wconf 87' lang='lat' dir='ltr'>jam</span> <span class='ocrx_word' id='word_1_146' title='bbox 780 1927 962 1978; x_wconf 89' lang='lat' dir='ltr'>antea</span> <span class='ocrx_word' id='word_1_147' title='bbox 1004 1919 1258 1976; x_wconf 87' lang='lat' dir='ltr'>reddidi.</span> <span class='ocrx_word' id='word_1_148' title='bbox 1346 1917 1636 1976; x_wconf 90' lang='lat' dir='ltr'>Alterum</span> <span class='ocrx_word' id='word_1_149' title='bbox 1677 1939 1816 1978; x_wconf 90' lang='lat' dir='ltr'>vero</span> <span class='ocrx_word' id='word_1_150' title='bbox 1863 1926 2046 1996; x_wconf 82' lang='lat' dir='ltr'>caput</span> <span class='ocrx_word' id='word_1_151' title='bbox 2091 1926 2185 1977; x_wconf 83' lang='lat' dir='ltr'>est</span> 
     </span>
     <span class='ocr_line' id='line_1_22' title="bbox 386 2017 2187 2097; baseline 0.001 -18"><span class='ocrx_word' id='word_1_152' title='bbox 386 2042 614 2090; x_wconf 86' lang='lat' dir='ltr'>eorum,</span> <span class='ocrx_word' id='word_1_153' title='bbox 648 2020 865 2097; x_wconf 90' lang='lat' dir='ltr'>quibus</span> <span class='ocrx_word' id='word_1_154' title='bbox 895 2018 1232 2077; x_wconf 80' lang='lat' dir='ltr'>identidem</span> <span class='ocrx_word' id='word_1_155' title='bbox 1264 2018 1562 2097; x_wconf 85' lang='lat' dir='ltr'>signifieat</span> <span class='ocrx_word' id='word_1_156' title='bbox 1594 2017 1885 2080; x_wconf 85' lang='lat' dir='ltr'>Eumaeus</span> <span class='ocrx_word' id='word_1_157' title='bbox 1922 2019 2076 2079; x_wconf 90' lang='lat' dir='ltr'>servi</span> <span class='ocrx_word' id='word_1_158' title='bbox 2108 2019 2187 2081; x_wconf 74' lang='lat' dir='ltr'>de</span> 
     </span>
     <span class='ocr_line' id='line_1_23' title="bbox 386 2119 1348 2180; baseline -0.004 0"><span class='ocrx_word' id='word_1_159' title='bbox 386 2141 495 2180; x_wconf 88' lang='lat' dir='ltr'>sua</span> <span class='ocrx_word' id='word_1_160' title='bbox 525 2121 873 2180; x_wconf 83' lang='lat' dir='ltr'>conditione</span> <span class='ocrx_word' id='word_1_161' title='bbox 903 2119 1268 2177; x_wconf 80' lang='lat' dir='ltr'>sententiam</span> <span class='ocrx_word' id='word_1_162' title='bbox 1282 2127 1348 2176; x_wconf 76' lang='lat'>¹1¹.</span> 
     </span>
    </p>

    <p class='ocr_par' dir='ltr' id='par_1_8' title="bbox 628 2250 1623 2312">
     <span class='ocr_line' id='line_1_24' title="bbox 628 2250 1623 2312; baseline 0 -17"><span class='ocrx_word' id='word_1_163' title='bbox 628 2251 747 2309; x_wconf 67' lang='grc' dir='ltr'>ἄξεθ’</span> <span class='ocrx_word' id='word_1_164' title='bbox 769 2252 858 2296; x_wconf 83' lang='grc' dir='ltr'>ὑῶν</span> <span class='ocrx_word' id='word_1_165' title='bbox 877 2252 956 2296; x_wconf 90' lang='grc' dir='ltr'>τὸν</span> <span class='ocrx_word' id='word_1_166' title='bbox 974 2250 1174 2310; x_wconf 78' lang='grc' dir='ltr'>ἄριστον,</span> <span class='ocrx_word' id='word_1_167' title='bbox 1196 2250 1266 2297; x_wconf 81' lang='grc' dir='ltr'>ἵνα</span> <span class='ocrx_word' id='word_1_168' title='bbox 1287 2251 1414 2312; x_wconf 80' lang='grc' dir='ltr'>ξείνῳ</span> <span class='ocrx_word' id='word_1_169' title='bbox 1437 2250 1623 2308; x_wconf 81' lang='grc' dir='ltr'>ἱερεύσω</span> 
     </span>
    </p>

    <p class='ocr_par' dir='ltr' id='par_1_9' title="bbox 626 2321 1798 2385">
     <span class='ocr_line' id='line_1_25' title="bbox 626 2321 1798 2385; baseline -0.002 -16"><span class='ocrx_word' id='word_1_170' title='bbox 626 2326 876 2385; x_wconf 79' lang='grc' dir='ltr'>τηλεδαπῷ·</span> <span class='ocrx_word' id='word_1_171' title='bbox 908 2326 1020 2385; x_wconf 86' lang='grc' dir='ltr'>πρὸς</span> <span class='ocrx_word' id='word_1_172' title='bbox 1042 2323 1078 2370; x_wconf 87' lang='grc' dir='ltr'>δ’</span> <span class='ocrx_word' id='word_1_173' title='bbox 1101 2325 1226 2370; x_wconf 82' lang='grc' dir='ltr'>αὐτοὶ</span> <span class='ocrx_word' id='word_1_174' title='bbox 1247 2322 1497 2382; x_wconf 84' lang='grc' dir='ltr'>ὀνησόμεθ’,</span> <span class='ocrx_word' id='word_1_175' title='bbox 1530 2321 1656 2383; x_wconf 85' lang='grc' dir='ltr'>οἵπερ</span> <span class='ocrx_word' id='word_1_176' title='bbox 1678 2323 1798 2379; x_wconf 75' lang='grc' dir='ltr'>ὀϊζὺν</span> 
     </span>
    </p>

    <p class='ocr_par' dir='ltr' id='par_1_10' title="bbox 628 2395 1749 2456">
     <span class='ocr_line' id='line_1_26' title="bbox 628 2395 1749 2456; baseline -0.002 -13"><span class='ocrx_word' id='word_1_177' title='bbox 628 2398 707 2456; x_wconf 82' lang='grc' dir='ltr'>δὴν</span> <span class='ocrx_word' id='word_1_178' title='bbox 727 2399 902 2456; x_wconf 85' lang='grc' dir='ltr'>ἔχομεν,</span> <span class='ocrx_word' id='word_1_179' title='bbox 923 2398 1179 2456; x_wconf 86' lang='grc' dir='ltr'>πάσχοντες</span> <span class='ocrx_word' id='word_1_180' title='bbox 1198 2398 1286 2444; x_wconf 76' lang='grc' dir='ltr'>ὑῶν</span> <span class='ocrx_word' id='word_1_181' title='bbox 1307 2395 1414 2442; x_wconf 81' lang='grc' dir='ltr'>ἕνεκ’</span> <span class='ocrx_word' id='word_1_182' title='bbox 1435 2396 1749 2456; x_wconf 86' lang='grc' dir='ltr'>ἀργιοδόντων.</span> 
     </span>
    </p>

    <p class='ocr_par' dir='ltr' id='par_1_11' title="bbox 383 2470 2186 3161">
     <span class='ocr_line' id='line_1_27' title="bbox 626 2470 1701 2531; baseline -0.001 -15"><span class='ocrx_word' id='word_1_183' title='bbox 626 2472 761 2518; x_wconf 76' lang='grc' dir='ltr'>ἄλλοι</span> <span class='ocrx_word' id='word_1_184' title='bbox 782 2471 819 2516; x_wconf 91' lang='grc' dir='ltr'>δ’</span> <span class='ocrx_word' id='word_1_185' title='bbox 842 2471 1053 2531; x_wconf 80' lang='grc' dir='ltr'>ἡμέτερον</span> <span class='ocrx_word' id='word_1_186' title='bbox 1073 2472 1265 2530; x_wconf 86' lang='grc' dir='ltr'>κάματον</span> <span class='ocrx_word' id='word_1_187' title='bbox 1285 2470 1488 2528; x_wconf 81' lang='grc' dir='ltr'>νήποινον</span> <span class='ocrx_word' id='word_1_188' title='bbox 1508 2471 1701 2516; x_wconf 91' lang='grc' dir='ltr'>ἔδουσιν.</span> 
     </span>
     <span class='ocr_line' id='line_1_28' title="bbox 386 2589 2184 2659; baseline -0.002 -8"><span class='ocrx_word' id='word_1_189' title='bbox 386 2592 635 2651; x_wconf 78' lang='lat' dir='ltr'>Scilicet</span> <span class='ocrx_word' id='word_1_190' title='bbox 694 2611 767 2650; x_wconf 90' lang='lat' dir='ltr'>ea</span> <span class='ocrx_word' id='word_1_191' title='bbox 824 2591 1068 2649; x_wconf 88' lang='lat' dir='ltr'>fortuna</span> <span class='ocrx_word' id='word_1_192' title='bbox 1125 2591 1421 2659; x_wconf 88' lang='lat' dir='ltr'>homines,</span> <span class='ocrx_word' id='word_1_193' title='bbox 1476 2591 1597 2648; x_wconf 91' lang='lat' dir='ltr'>sint</span> <span class='ocrx_word' id='word_1_194' title='bbox 1656 2589 1801 2648; x_wconf 86' lang='lat' dir='ltr'>licet</span> <span class='ocrx_word' id='word_1_195' title='bbox 1859 2592 2062 2649; x_wconf 88' lang='lat' dir='ltr'>animo</span> <span class='ocrx_word' id='word_1_196' title='bbox 2121 2591 2184 2649; x_wconf 89' lang='lat' dir='ltr'>in</span> 
     </span>
     <span class='ocr_line' id='line_1_29' title="bbox 385 2687 2185 2767; baseline -0.002 -18"><span class='ocrx_word' id='word_1_197' title='bbox 385 2692 700 2749; x_wconf 91' lang='lat' dir='ltr'>dominum</span> <span class='ocrx_word' id='word_1_198' title='bbox 736 2709 918 2767; x_wconf 91' lang='lat' dir='ltr'>quam</span> <span class='ocrx_word' id='word_1_199' title='bbox 964 2689 1233 2748; x_wconf 82' lang='lat' dir='ltr'>maxime</span> <span class='ocrx_word' id='word_1_200' title='bbox 1273 2688 1456 2757; x_wconf 88' lang='lat' dir='ltr'>fideli,</span> <span class='ocrx_word' id='word_1_201' title='bbox 1497 2687 1674 2746; x_wconf 81' lang='lat' dir='ltr'>facile</span> <span class='ocrx_word' id='word_1_202' title='bbox 1719 2689 1831 2746; x_wconf 83' lang='lat' dir='ltr'>sibi</span> <span class='ocrx_word' id='word_1_203' title='bbox 1871 2689 2185 2766; x_wconf 80' lang='lat' dir='ltr'>ignoscen-</span> 
     </span>
     <span class='ocr_line' id='line_1_30' title="bbox 386 2786 2186 2865; baseline -0.002 -16"><span class='ocrx_word' id='word_1_204' title='bbox 386 2792 533 2848; x_wconf 94' lang='lat' dir='ltr'>dum</span> <span class='ocrx_word' id='word_1_205' title='bbox 608 2810 738 2848; x_wconf 91' lang='lat' dir='ltr'>esse</span> <span class='ocrx_word' id='word_1_206' title='bbox 809 2789 1195 2857; x_wconf 85' lang='lat' dir='ltr'>arbitrantur,</span> <span class='ocrx_word' id='word_1_207' title='bbox 1265 2787 1457 2846; x_wconf 82' lang='lat' dir='ltr'>sicubi</span> <span class='ocrx_word' id='word_1_208' title='bbox 1527 2786 1792 2863; x_wconf 82' lang='lat' dir='ltr'>querulis</span> <span class='ocrx_word' id='word_1_209' title='bbox 1865 2787 2186 2865; x_wconf 84' lang='lat' dir='ltr'>indulgent</span> 
     </span>
     <span class='ocr_line' id='line_1_31' title="bbox 384 2885 2183 2962; baseline 0.001 -19"><span class='ocrx_word' id='word_1_210' title='bbox 384 2887 652 2944; x_wconf 80' lang='lat' dir='ltr'>vocibus.</span> <span class='ocrx_word' id='word_1_211' title='bbox 731 2885 905 2955; x_wconf 53' lang='lat' dir='ltr'>&gt;Quin</span> <span class='ocrx_word' id='word_1_212' title='bbox 938 2891 1002 2942; x_wconf 90' lang='lat' dir='ltr'>et</span> <span class='ocrx_word' id='word_1_213' title='bbox 1031 2885 1373 2943; x_wconf 82' lang='lat' dir='ltr'>istiusmodi</span> <span class='ocrx_word' id='word_1_214' title='bbox 1414 2905 1691 2943; x_wconf 89' lang='lat' dir='ltr'>sermone</span> <span class='ocrx_word' id='word_1_215' title='bbox 1721 2886 1889 2962; x_wconf 87' lang='lat' dir='ltr'>quasi</span> <span class='ocrx_word' id='word_1_216' title='bbox 1920 2886 2183 2962; x_wconf 91' lang='lat' dir='ltr'>quodam</span> 
     </span>
     <span class='ocr_line' id='line_1_32' title="bbox 385 2982 2186 3063; baseline 0.001 -20"><span class='ocrx_word' id='word_1_217' title='bbox 385 2983 601 3043; x_wconf 89' lang='lat' dir='ltr'>solatio</span> <span class='ocrx_word' id='word_1_218' title='bbox 642 2992 918 3040; x_wconf 89' lang='lat' dir='ltr'>utuntur.</span> <span class='ocrx_word' id='word_1_219' title='bbox 981 2982 1156 3063; x_wconf 85' lang='lat' dir='ltr'>Sinas</span> <span class='ocrx_word' id='word_1_220' title='bbox 1187 2983 1509 3059; x_wconf 89' lang='lat' dir='ltr'>aliquando</span> <span class='ocrx_word' id='word_1_221' title='bbox 1542 2984 1740 3042; x_wconf 87' lang='lat' dir='ltr'>verbis</span> <span class='ocrx_word' id='word_1_222' title='bbox 1771 2985 2088 3063; x_wconf 87' lang='lat' dir='ltr'>indignari,</span> <span class='ocrx_word' id='word_1_223' title='bbox 2117 3003 2186 3045; x_wconf 79' lang='lat' dir='ltr'>re</span> 
     </span>
     <span class='ocr_line' id='line_1_33' title="bbox 383 3080 1993 3161; baseline -0.001 -19"><span class='ocrx_word' id='word_1_224' title='bbox 383 3085 514 3161; x_wconf 86' lang='lat' dir='ltr'>ipsa</span> <span class='ocrx_word' id='word_1_225' title='bbox 542 3102 664 3140; x_wconf 92' lang='lat' dir='ltr'>non</span> <span class='ocrx_word' id='word_1_226' title='bbox 695 3083 887 3140; x_wconf 89' lang='lat' dir='ltr'>deerit</span> <span class='ocrx_word' id='word_1_227' title='bbox 917 3080 1109 3139; x_wconf 88' lang='lat' dir='ltr'>hilare</span> <span class='ocrx_word' id='word_1_228' title='bbox 1139 3090 1202 3139; x_wconf 89' lang='lat' dir='ltr'>et</span> <span class='ocrx_word' id='word_1_229' title='bbox 1232 3089 1585 3160; x_wconf 88' lang='lat' dir='ltr'>promptum</span> <span class='ocrx_word' id='word_1_230' title='bbox 1617 3084 1993 3160; x_wconf 88' lang='lat' dir='ltr'>obsequium.</span> 
     </span>
    </p>

    <p class='ocr_par' dir='ltr' id='par_1_12' title="bbox 384 3179 2186 3340">
     <span class='ocr_line' id='line_1_34' title="bbox 472 3179 2186 3262; baseline 0.001 -22"><span class='ocrx_word' id='word_1_231' title='bbox 472 3182 594 3240; x_wconf 80' lang='lat' dir='ltr'>Sed</span> <span class='ocrx_word' id='word_1_232' title='bbox 655 3201 796 3239; x_wconf 86' lang='lat' dir='ltr'>cum</span> <span class='ocrx_word' id='word_1_233' title='bbox 848 3179 1099 3239; x_wconf 87' lang='lat' dir='ltr'>Eumaeo</span> <span class='ocrx_word' id='word_1_234' title='bbox 1157 3199 1494 3258; x_wconf 80' lang='lat' dir='ltr'>pergamuS‚</span> <span class='ocrx_word' id='word_1_235' title='bbox 1556 3187 1620 3239; x_wconf 85' lang='lat' dir='ltr'>et</span> <span class='ocrx_word' id='word_1_236' title='bbox 1678 3183 1992 3241; x_wconf 83' lang='lat' dir='ltr'>audiamus</span> <span class='ocrx_word' id='word_1_237' title='bbox 2051 3200 2186 3262; x_wconf 80' lang='lat' dir='ltr'>quae</span> 
     </span>
     <span class='ocr_line' id='line_1_35' title="bbox 384 3278 1662 3340; baseline 0.002 -2"><span class='ocrx_word' id='word_1_238' title='bbox 384 3280 619 3339; x_wconf 85' lang='lat' dir='ltr'>soleant</span> <span class='ocrx_word' id='word_1_239' title='bbox 649 3298 779 3338; x_wconf 86' lang='lat' dir='ltr'>esse</span> <span class='ocrx_word' id='word_1_240' title='bbox 810 3280 872 3336; x_wconf 95' lang='lat' dir='ltr'>in</span> <span class='ocrx_word' id='word_1_241' title='bbox 904 3278 1134 3337; x_wconf 82' lang='lat' dir='ltr'>deliciis</span> <span class='ocrx_word' id='word_1_242' title='bbox 1166 3278 1367 3336; x_wconf 89' lang='lat' dir='ltr'>servili</span> <span class='ocrx_word' id='word_1_243' title='bbox 1397 3280 1662 3340; x_wconf 68' lang='lat' dir='ltr'>animon.</span> 
     </span>
    </p>
   </div>
   <div class='ocr_carea' id='block_1_4' title="bbox 623 3401 1831 3538">
    <p class='ocr_par' dir='ltr' id='par_1_13' title="bbox 623 3401 1831 3538">
     <span class='ocr_line' id='line_1_36' title="bbox 623 3401 1746 3462; baseline 0 -15"><span class='ocrx_word' id='word_1_244' title='bbox 623 3403 671 3447; x_wconf 85' lang='grc' dir='ltr'>ἐκ</span> <span class='ocrx_word' id='word_1_245' title='bbox 694 3401 731 3447; x_wconf 85' lang='grc' dir='ltr'>δ’</span> <span class='ocrx_word' id='word_1_246' title='bbox 755 3402 840 3461; x_wconf 78' lang='grc' dir='ltr'>ἄρα</span> <span class='ocrx_word' id='word_1_247' title='bbox 861 3402 1097 3460; x_wconf 91' lang='grc' dir='ltr'>δεσποίνης</span> <span class='ocrx_word' id='word_1_248' title='bbox 1117 3404 1169 3448; x_wconf 78' lang='grc' dir='ltr'>οὗ</span> <span class='ocrx_word' id='word_1_249' title='bbox 1189 3403 1393 3462; x_wconf 86' lang='grc' dir='ltr'>μείλιχον</span> <span class='ocrx_word' id='word_1_250' title='bbox 1413 3403 1539 3448; x_wconf 84' lang='grc' dir='ltr'>ἔστιν</span> <span class='ocrx_word' id='word_1_251' title='bbox 1558 3403 1746 3449; x_wconf 85' lang='grc' dir='ltr'>ἀκοῦσαι</span> 
     </span>
     <span class='ocr_line' id='line_1_37' title="bbox 625 3474 1831 3538; baseline 0.002 -18"><span class='ocrx_word' id='word_1_252' title='bbox 625 3474 715 3520; x_wconf 80' lang='grc' dir='ltr'>οὔτ’</span> <span class='ocrx_word' id='word_1_253' title='bbox 739 3476 858 3528; x_wconf 85' lang='grc' dir='ltr'>ἔπος,</span> <span class='ocrx_word' id='word_1_254' title='bbox 882 3479 982 3520; x_wconf 85' lang='grc' dir='ltr'>οὕτε</span> <span class='ocrx_word' id='word_1_255' title='bbox 1003 3496 1045 3522; x_wconf 88' lang='grc' dir='ltr'>τι</span> <span class='ocrx_word' id='word_1_256' title='bbox 1066 3478 1212 3537; x_wconf 87' lang='grc' dir='ltr'>ἔργον·</span> <span class='ocrx_word' id='word_1_257' title='bbox 1247 3477 1341 3522; x_wconf 84' lang='grc' dir='ltr'>ε’πεὶ</span> <span class='ocrx_word' id='word_1_258' title='bbox 1364 3479 1494 3523; x_wconf 87' lang='grc' dir='ltr'>κακὸν</span> <span class='ocrx_word' id='word_1_259' title='bbox 1515 3478 1709 3535; x_wconf 83' lang='grc' dir='ltr'>ἔμπεσεν</span> <span class='ocrx_word' id='word_1_260' title='bbox 1728 3478 1831 3538; x_wconf 82' lang='grc' dir='ltr'>οἶκῷ</span> 
     </span>
    </p>
   </div>
   <div class='ocr_carea' id='block_1_5' title="bbox 563 3597 2000 3657">
    <p class='ocr_par' dir='ltr' id='par_1_14' title="bbox 563 3597 2000 3657">
     <span class='ocr_line' id='line_1_38' title="bbox 563 3597 2000 3657; baseline 0.001 -15"><span class='ocrx_word' id='word_1_261' title='bbox 563 3604 592 3626; x_wconf 71' lang='lat'>⁸¹³</span> <span class='ocrx_word' id='word_1_262' title='bbox 625 3597 718 3645; x_wconf 88' lang='lat' dir='ltr'>Od.</span> <span class='ocrx_word' id='word_1_263' title='bbox 739 3598 831 3643; x_wconf 87' lang='lat' dir='ltr'>xiv.</span> <span class='ocrx_word' id='word_1_264' title='bbox 855 3613 959 3655; x_wconf 89' lang='lat'>414.</span> <span class='ocrx_word' id='word_1_265' title='bbox 1752 3606 1771 3623; x_wconf 72' lang='lat'>¹*</span> <span class='ocrx_word' id='word_1_266' title='bbox 1797 3614 1870 3643; x_wconf 83' lang='lat' dir='ltr'>xv.</span> <span class='ocrx_word' id='word_1_267' title='bbox 1895 3612 2000 3657; x_wconf 79' lang='lat'><strong>374.</strong></span> 
     </span>
    </p>
   </div>
  </div>
 </body>
</html>
