2320 4126
313 175 351 227 6
845 171 928 221 De
952 187 1048 232 usu
1073 167 1296 237 Linfflae
1322 165 1534 217 Latina:
1891 179 2053 212 PRAEL.
2079 179 2115 212 1.

316 317 351 373 ὅ
379 342 445 373 τε
481 314 728 392 ἄπειρος,
757 313 913 384 ἔστιν
957 311 992 367 ἃ
1039 309 1128 367 καὶ
1168 303 1604 388 πλεονάζεσθαι.
1696 310 1884 374 Unus,
1915 306 2116 373 credo,

315 414 820 489 exquisitissimus
867 410 972 467 ille
1027 417 1060 441 ‘⁶
1081 409 1158 465 de
1208 407 1392 465 Sacra
1438 404 1835 462 Hebraeorum
1882 404 2057 461 Poesi
2079 409 2116 434 '³

300 512 555 570 libellus
588 496 822 569 Latinis
867 509 1070 566 literis>
1099 526 1276 566 suum
1307 505 1508 562 locum
1555 505 1714 580 apud
1757 522 1866 561 nos
1904 503 2118 560 diutis-

314 611 465 668 sime
517 609 860 666 vindicabit.
954 606 1287 682 Nunquam
1330 602 1650 680 poenitebit
1696 603 1950 660 istarum
1997 601 2120 659 ele-

312 708 689 785 gantiarum:
763 723 1074 780 nunquam
1135 722 1256 760 non
1317 701 1544 759 eximio
1590 701 1852 776 quodam
1913 699 2118 757 favore

313 825 447 862 eam
480 805 766 862 doctrinae
796 809 1033 879 partem
1065 819 1516 878 prosequemur,
1549 818 1680 875 quae
1710 797 1900 856 talem
1941 798 2118 871 nobis

313 902 576 978 palmam
608 901 920 957 meruerit.

397 1000 575 1069 Quod
608 1018 749 1056 vero
788 998 864 1055 ad
906 1004 1102 1054 artem
1142 996 1334 1072 ipsam
1373 997 1634 1064 attinet;
1680 996 1940 1072 primum
1982 996 2115 1072 qui-

309 1099 449 1155 dem
491 1116 854 1175 magnopere
897 1095 1252 1162 cavendum,
1283 1095 1508 1170 nequid
1541 1094 1637 1152 vel
1683 1096 1829 1152 artis
1866 1114 2115 1171 ‘promo-

310 1196 522 1255 vendae
569 1196 772 1253 studio
824 1203 1056 1252 temere
1109 1212 1375 1269 unquam
1425 1212 1461 1250 a
1505 1193 1680 1251 nobis
1732 1194 2112 1259 admittatur,

300 1296 467 1371 equod
501 1304 606 1352 aut
647 1294 883 1372 legibus
916 1292 1286 1359 Academiae,
1319 1300 1425 1349 aut
1462 1293 1612 1349 mori
1656 1293 1974 1368 majorum,
2006 1298 2113 1349 aut

309 1394 480 1451 Illius
535 1393 795 1468 denique
844 1392 983 1451 Viri
1037 1389 1287 1448 consilio
1337 1397 1656 1467 repugnet,
1709 1392 1811 1466 qui
1863 1391 2112 1467 primus,

296 1512 426 1567 ,qua
478 1500 607 1549 erat
655 1491 1055 1555 humanitate,
1094 1488 1407 1546 Poeticam
1453 1488 1570 1546 hoc
1616 1509 1868 1553 munere
1915 1491 2111 1547 ornari

306 1591 518 1649 voluit.
1095 1599 1098 1601 ’

417 1687 657 1745 Deinde
716 1687 876 1744 haud
932 1687 1055 1743 scio
1107 1706 1183 1744 an
1245 1687 1622 1744 commodius
1675 1687 1985 1764 aliquanto
2039 1689 2115 1747 de

305 1806 369 1844 re
407 1787 646 1863 poetica
682 1786 920 1843 dicatur
957 1784 1139 1842 hodie
1179 1784 1400 1842 Latina
1435 1785 1643 1863 lingua
1682 1805 1865 1863 quam
1902 1789 2116 1863 patria.

306 1886 609 1962 Equidem
655 1905 778 1942 non
818 1885 1183 1962 negaverim,
1226 1885 1288 1942 id
1327 1886 1487 1961 quod
1531 1886 1697 1943 omni
1738 1887 1929 1944 ferme
1969 1887 2119 1946 hora

303 1986 568 2062 graviter
615 1991 799 2059 atque
847 1984 1063 2040 acerbe
1113 1984 1260 2052 fem,
1301 1985 1619 2060 comprimi
1668 1987 2116 2061 quodammodo

300 2089 370 2140 et
433 2082 762 2158 constringi
822 2082 1093 2138 innatam
1148 2081 1633 2159 qualemcunque
1692 2085 1917 2161 ingenii
1974 2087 2115 2154 vim,

305 2181 560 2239 obtundi
601 2180 1036 2247 inventionem,
1068 2187 1202 2237 toto
1233 2181 1755 2259 animolanguere
1791 2203 1900 2241 nos
1938 2185 2117 2243 citius

260 2287 264 2291 ’
306 2288 370 2336 et
418 2280 694 2355 fatigari3
742 2279 804 2335 in
846 2298 918 2335 eo
962 2279 1208 2335 demum
1253 2279 1523 2355 periculo
1565 2283 1804 2352 versari,
1847 2302 1924 2340 ne
1966 2284 2111 2340 dum

308 2377 489 2434 verba
537 2396 611 2434 ac
665 2375 962 2434 clausulas
1012 2396 1321 2446 venamur,
1369 2379 1512 2436 dum
1567 2381 1717 2438 scite
1769 2382 1994 2459 aliquid
2042 2403 2113 2441 ac
2165 2358 2169 2362 μ

312 2475 530 2532 Latine
576 2473 898 2542 efferimuS,
938 2476 1014 2532 ab
1059 2476 1188 2552 ipsa
1231 2496 1428 2534 rerum
1478 2479 1735 2537 veritate
1779 2483 2117 2542 recedatur.

310 2574 469 2631 Sunt
530 2593 602 2630 ea
660 2592 840 2630 sane:
912 2594 1030 2630 non
1098 2581 1305 2632 tamen
1371 2576 1596 2634 idcirco
1657 2579 1985 2656 quidquam
2050 2583 2113 2639 in

306 2676 418 2732 hac
463 2694 528 2731 re
571 2676 880 2731 immutari
934 2675 1132 2741 velim,
1183 2695 1256 2732 eo
1309 2678 1470 2752 quod
1517 2679 1592 2736 ab
1645 2680 1895 2739 adversa
1941 2690 2116 2758 parte

305 2774 577 2850 graviora
629 2774 907 2848 quaedam
962 2774 1281 2832 imminere
1333 2776 1610 2845 arbitror,
1663 2780 1977 2857 magisque
2036 2782 2115 2840 ab

306 2871 398 2928 his
444 2870 641 2927 aliena
686 2872 916 2928 studiis.
1008 2871 1255 2947 Nempe
1301 2893 1373 2930 eo
1408 2874 1539 2949 jam
1587 2896 1679 2934 res
1732 2878 1995 2946 devenit,
2041 2888 2113 2937 ut

307 2969 369 3025 in
421 2968 786 3025 carminibus
838 2968 1136 3044 fingendis
1195 2971 1346 3027 nihil
1402 2972 1528 3029 fere
1587 2994 1766 3051 agere
1819 2979 2115 3046 videatur,

308 3066 409 3140 qui
457 3084 577 3121 non
619 3066 926 3140 perpetuis
958 3068 1122 3142 quasi
1168 3067 1499 3127 luminibus
1531 3071 1737 3129 oculos
1778 3074 2110 3152 legentium

308 3163 721 3239 praestringere
759 3165 1014 3220 noverit.
1104 3165 1270 3222 Nihil
1290 3166 1421 3241 jam
1451 3187 1650 3244 grave,
1685 3172 1963 3248 simplex,
1996 3177 2116 3233 sin,-

307 3277 512 3315 cerum
539 3278 552 3325 ;
600 3258 872 3333 inquieta
903 3262 1124 3329 omnia,
1157 3270 1220 3319 et
1252 3283 1402 3340 vaga
1433 3273 1496 3322 et
1523 3269 1780 3338 turbida,
1805 3291 1882 3328 ne
1914 3273 2110 3331 dicam

306 3356 645 3432 prodigiosa
696 3363 758 3412 et
810 3357 1114 3428 immania,
1165 3370 1433 3437 crepant.
1531 3365 1792 3425 Cantare
1838 3372 2113 3431 crederes

309 3456 616 3530 imperitos
655 3455 970 3528 puerulos;
1017 3459 1232 3533 quibus
1273 3461 1332 3517 id
1377 3462 1590 3530 solum,
1629 3468 1982 3527 enitendum
2027 3472 2114 3528 vi-

312 3555 504 3618 detur,
546 3556 615 3606 ut
662 3570 896 3609 summa
946 3556 1198 3631 quisque
1252 3578 1395 3617 voce
1443 3571 1684 3633 cantet3
1743 3587 1923 3642 quam
1971 3589 2113 3626 con-
