2320 4126
304 213 415 266 340
807 210 1108 282 AEsohyleae
1131 209 1500 265 similitudines
1807 225 1968 260 PRAEL.
1998 225 2112 260 x1x.

302 362 532 434 gueant
582 354 792 414 animi.
893 354 1198 413 Omnibus
1245 354 1434 431 igitur
1494 350 1868 428 temporibus
1928 348 2113 427 vulgo

305 460 401 512 est
453 454 773 521 creditum,
834 452 1243 529 praesensione
1295 449 1557 526 quadam
1605 467 1784 507 canes
1836 453 2002 507 certe
2050 454 2114 504 et

307 570 498 629 equos
557 551 827 609 divinare
881 569 1019 626 quae
1080 549 1202 607 sint
1260 548 1468 606 futura
1527 547 1693 605 domi
1743 545 2113 614 infortunia3

305 650 452 725 quin
476 655 540 707 et
569 647 808 705 indiciis
838 665 962 703 non
992 646 1143 704 adeo
1174 645 1462 714 obscuriS,
1485 651 1783 720 quantum
1812 644 1876 700 in
1907 661 1970 701 se
2001 650 2114 710 est,

306 764 577 803 monere.
691 743 816 802 Hic
862 762 1160 821 augurum
1209 749 1274 801 et
1324 744 1666 819 aruspicum
1714 742 1906 800 ferme
1954 759 2115 798 cam-

303 861 454 919 pus3
517 841 660 899 hinc
705 840 947 899 locutus
999 839 1262 898 Achillis
1314 859 1540 916 equus;
1604 840 1747 898 hinc
1796 858 1929 915 quae
1980 836 2115 914 plu-

305 939 461 997 rima
483 939 813 1016 viguerunt
843 938 1004 1014 apud
1034 937 1292 1014 majores
1323 944 1560 996 nostros
1587 943 1949 1003 commenta,
1974 954 2115 993 cum

303 1036 529 1096 illustri
560 1036 780 1112 cuique
819 1036 1069 1094 familiae
1108 1054 1286 1093 suum
1316 1035 1487 1111 quasi
1517 1034 1801 1092 nuntium
1833 1032 2114 1092 instantis

305 1134 465 1192 forte
525 1134 672 1192 mali
730 1134 1089 1202 tribuerent,
1150 1152 1258 1191 seu
1318 1132 1626 1191 volucrem
1687 1151 1793 1191 seu
1857 1131 2118 1207 quadru-

304 1231 549 1308 pedem,
603 1251 726 1289 non
775 1233 903 1290 sine
954 1231 1088 1290 Diis
1130 1232 1416 1290 edentem
1481 1232 1702 1290 omina.
1810 1229 2115 1288 Novimus

315 1330 503 1387 etiam
563 1330 884 1406 praestanti
943 1330 1200 1387 artificio
1260 1329 1632 1406 scriptorem,
1692 1328 1796 1405 qui
1857 1328 2115 1406 gratiam

306 1427 552 1486 lectoris
604 1427 702 1485 vel
755 1447 829 1486 eo
883 1413 1185 1506 praecipue
1233 1429 1584 1506 captaverit,
1633 1429 1797 1505 quod
1840 1426 2116 1506 generosi

305 1526 472 1584 canis
506 1526 786 1584 fortunas-
819 1525 924 1583 filo
955 1526 1125 1584 velut
1165 1546 1287 1584 uno
1319 1546 1459 1585 cum
1496 1526 1715 1585 fabulae
1751 1545 1874 1585 suae
1903 1532 2117 1583 tenore

306 1625 626 1682 decurrere
657 1643 781 1681 non
812 1623 1002 1682 semel
1033 1624 1312 1682 voluerit.

393 1720 436 1779 J
439 1740 538 1779 am
590 1721 880 1798 AEschylo
929 1728 1135 1779 nostro
1187 1721 1362 1780 valde
1410 1721 1706 1798 placuisse
1757 1722 1954 1790 istam,
2008 1739 2117 1779 seu

304 1818 771 1896 philosophiam,
814 1820 941 1878 sive
987 1821 1479 1896 superstitionem
1519 1819 1803 1916 appelleS,
1839 1819 2117 1878 testimo-

303 1918 406 1974 nio
457 1918 578 1975 sint
622 1917 812 1994 ipsius
857 1918 1163 1987 carmina3
1217 1919 1319 1994 qui
1371 1918 1634 1995 primum
1685 1917 2115 1976 delicatissimo

305 2015 488 2084 fleXU,
536 2016 706 2074 velut
744 2016 849 2092 qui
889 2017 954 2073 in
990 2016 1112 2074 suis
1156 2023 1431 2074 versetur
1470 2015 1719 2085 deliciis,
1765 2017 1994 2074 variare
2045 2034 2116 2073 ac

304 2114 607 2172 deducere
667 2113 822 2171 solet
885 2133 986 2172 eas
1044 2114 1428 2191 potissimum
1481 2112 1922 2182 similitudines,
1983 2134 2116 2190 quae

304 2232 340 2270 a
377 2213 648 2270 moribus
690 2213 996 2288 pecudum
1036 2219 1099 2270 et
1131 2212 1394 2270 ferarum
1424 2218 1735 2288 pet-untur.
1827 2211 2112 2290 Exempli

303 2309 438 2367 loco
470 2310 550 2367 sit
580 2308 930 2367 dulcissima
962 2307 1324 2385 Supplicum
1357 2305 1729 2368 cantilenaiz

666 2432 735 2477 ἰ’δε
755 2432 813 2490 με’
832 2451 912 2478 ταν
934 2432 1066 2477 ἱκέτιν
1087 2433 1269 2492 φυγάδα
1288 2432 1556 2492 περίδρομον

669 2507 986 2551 λευκόστικτον
1007 2506 1065 2551 ὡς
1086 2505 1277 2563 δάμαλιν
1297 2505 1539 2576 ἀμπέτραιξ

667 2579 967 2635 ἠλιβάτοισιν·
1001 2580 1114 2637 ἀλκᾷ

668 2651 857 2698 πίσυνος
877 2650 1042 2709 μέμυκε
1062 2651 1300 2710 φράζουσα
1320 2653 1478 2715 βοτῆρι
1501 2651 1712 2711 μόχθους.

303 2754 590 2813 Profecto
636 2755 739 2831 qui
785 2756 873 2814 ita
920 2756 1176 2833 scripsit,
1221 2757 1273 2814 is
1316 2776 1563 2816 necesse
1607 2764 1701 2817 est
1745 2777 1866 2816 non
1911 2757 2108 2816 solum

301 2852 478 2910 oculo
526 2853 785 2926 intentO,
825 2872 1036 2912 verum
1078 2855 1263 2913 etiam
1301 2854 1527 2914 affectu
1576 2875 1700 2914 non
1743 2855 1884 2928 levi,
1927 2876 2110 2933 pecu-

300 2951 448 3008 dum
478 2970 678 3009 mores
709 2958 773 3009 et
804 2952 1007 3010 studia
1037 2953 1487 3030 contemplatus
1517 2953 1720 3011 fuerit.

387 3046 598 3116 Quid?
688 3046 1024 3107 Cassandra
1052 3050 1308 3126 jamjam
1349 3051 1643 3108 moritura
1677 3070 1879 3108 nonne
1920 3070 1998 3109 ex
2044 3064 2107 3109 se

301 3147 753 3221 quodammodo
789 3147 1037 3223 rapitur,
1075 3153 1259 3223 atque
1295 3148 1360 3204 in
1398 3148 1658 3207 sublime
1688 3148 1907 3218 evolat,
1934 3169 2108 3210 men-

303 3244 472 3302 tione
531 3244 716 3302 modo
775 3244 939 3303 facta
997 3244 1266 3303 lusciniae
1325 3247 1675 3305 cantantis?
1794 3246 2106 3306 Nimirum

301 3341 554 3411 Chorus,
581 3343 683 3419 qui
707 3361 840 3401 mos
869 3350 964 3401 est
988 3343 1172 3422 vulgo
1196 3343 1532 3413 hominum,
1563 3345 1689 3403 avis
1714 3346 1842 3421 ejus
1872 3365 2105 3415 vocem,

302 3442 528 3518 quippe
558 3449 747 3501 noctu
779 3442 905 3502 fere
936 3443 1227 3512 auditam,
1259 3442 1600 3502 contulerat
1632 3463 1772 3502 cum
1803 3443 2106 3502 flebilibus

1036 3606 1046 3632 ⁵
1081 3608 1237 3665 Suppl-
1262 3619 1366 3666 354·
