<?xml version="1.0" encoding="UTF-8"?>
<!DOCTYPE html PUBLIC "-//W3C//DTD XHTML 1.0 Transitional//EN"
    "http://www.w3.org/TR/xhtml1/DTD/xhtml1-transitional.dtd">
<html xmlns="http://www.w3.org/1999/xhtml" xml:lang="en" lang="en">
 <head>
  <title>
</title>
<meta http-equiv="Content-Type" content="text/html;charset=utf-8" />
  <meta name='ocr-system' content='tesseract 3.04.00' />
  <meta name='ocr-capabilities' content='ocr_page ocr_carea ocr_par ocr_line ocrx_word'/>
</head>
<body>
  <div class='ocr_page' id='page_1' title='image "./a588873901kebluoft_0205.png"; bbox 0 0 2320 4126; ppageno 0'>
   <div class='ocr_carea' id='block_1_1' title="bbox 193 255 1931 325">
    <p class='ocr_par' dir='ltr' id='par_1_1' title="bbox 193 255 1931 325">
     <span class='ocr_line' id='line_1_1' title="bbox 193 255 1931 325; baseline 0.001 -14"><span class='ocrx_word' id='word_1_1' title='bbox 193 277 345 311; x_wconf 76' lang='lat' dir='ltr'>PRAEL.</span> <span class='ocrx_word' id='word_1_2' title='bbox 374 277 465 309; x_wconf 73' lang='grc' dir='ltr'>ΧΠ.</span> <span class='ocrx_word' id='word_1_3' title='bbox 504 257 692 309; x_wconf 74' lang='lat' dir='ltr'>Multis</span> <span class='ocrx_word' id='word_1_4' title='bbox 715 256 873 308; x_wconf 73' lang='lat' dir='ltr'>modis</span> <span class='ocrx_word' id='word_1_5' title='bbox 894 255 968 308; x_wconf 70' lang='lat' dir='ltr'>ibi</span> <span class='ocrx_word' id='word_1_6' title='bbox 992 258 1178 310; x_wconf 72' lang='lat' dir='ltr'>temari</span> <span class='ocrx_word' id='word_1_7' title='bbox 1213 258 1268 309; x_wconf 85' lang='lat' dir='ltr'><em>U</em></span> <span class='ocrx_word' id='word_1_8' title='bbox 1265 258 1408 325; x_wconf 68' lang='lat' dir='ltr'>lys-sis</span> <span class='ocrx_word' id='word_1_9' title='bbox 1431 261 1774 312; x_wconf 75' lang='lat' dir='ltr'>constantium.</span> <span class='ocrx_word' id='word_1_10' title='bbox 1827 263 1931 317; x_wconf 88' lang='lat'>195</span> 
     </span>
    </p>
   </div>
   <div class='ocr_carea' id='block_1_2' title="bbox 188 401 1932 956">
    <p class='ocr_par' dir='ltr' id='par_1_2' title="bbox 188 401 1932 956">
     <span class='ocr_line' id='line_1_2' title="bbox 277 401 1930 476; baseline 0.001 -17"><span class='ocrx_word' id='word_1_11' title='bbox 277 401 422 459; x_wconf 86' lang='lat' dir='ltr'>Haec</span> <span class='ocrx_word' id='word_1_12' title='bbox 479 402 612 457; x_wconf 91' lang='lat' dir='ltr'>ideo</span> <span class='ocrx_word' id='word_1_13' title='bbox 670 402 1084 476; x_wconf 78' lang='lat' dir='ltr'>congessimUS‚</span> <span class='ocrx_word' id='word_1_14' title='bbox 1128 401 1497 467; x_wconf 80' lang='lat' dir='ltr'><strong>Academici,</strong></span> <span class='ocrx_word' id='word_1_15' title='bbox 1552 420 1667 475; x_wconf 90' lang='lat' dir='ltr'>quo</span> <span class='ocrx_word' id='word_1_16' title='bbox 1719 402 1930 460; x_wconf 91' lang='lat' dir='ltr'>clarius</span> 
     </span>
     <span class='ocr_line' id='line_1_3' title="bbox 193 497 1930 564; baseline 0 -10"><span class='ocrx_word' id='word_1_17' title='bbox 193 499 359 554; x_wconf 88' lang='lat' dir='ltr'>fieret</span> <span class='ocrx_word' id='word_1_18' title='bbox 401 498 719 554; x_wconf 79' lang='lat' dir='ltr'>acutissimi</span> <span class='ocrx_word' id='word_1_19' title='bbox 757 497 963 555; x_wconf 86' lang='lat' dir='ltr'>Poetae</span> <span class='ocrx_word' id='word_1_20' title='bbox 1007 497 1332 564; x_wconf 91' lang='lat' dir='ltr'>consilium,</span> <span class='ocrx_word' id='word_1_21' title='bbox 1364 498 1768 554; x_wconf 87' lang='lat' dir='ltr'>adumbrantis</span> <span class='ocrx_word' id='word_1_22' title='bbox 1813 518 1930 555; x_wconf 90' lang='lat' dir='ltr'>non</span> 
     </span>
     <span class='ocr_line' id='line_1_4' title="bbox 192 593 1928 668; baseline -0.001 -16"><span class='ocrx_word' id='word_1_23' title='bbox 192 593 315 652; x_wconf 90' lang='lat' dir='ltr'>sine</span> <span class='ocrx_word' id='word_1_24' title='bbox 346 594 795 668; x_wconf 81' lang='lat' dir='ltr'>reprehensione</span> <span class='ocrx_word' id='word_1_25' title='bbox 825 594 1077 668; x_wconf 85' lang='lat' dir='ltr'>quadam</span> <span class='ocrx_word' id='word_1_26' title='bbox 1108 601 1504 668; x_wconf 88' lang='lat' dir='ltr'>quaestuosam</span> <span class='ocrx_word' id='word_1_27' title='bbox 1534 593 1696 650; x_wconf 90' lang='lat' dir='ltr'>illam</span> <span class='ocrx_word' id='word_1_28' title='bbox 1726 594 1928 660; x_wconf 87' lang='lat' dir='ltr'>vitam,</span> 
     </span>
     <span class='ocr_line' id='line_1_5' title="bbox 190 689 1932 765; baseline 0.001 -20"><span class='ocrx_word' id='word_1_29' title='bbox 190 689 541 765; x_wconf 85' lang='lat' dir='ltr'>languidam,</span> <span class='ocrx_word' id='word_1_30' title='bbox 572 690 893 757; x_wconf 81' lang='lat' dir='ltr'>imbellem,</span> <span class='ocrx_word' id='word_1_31' title='bbox 924 710 1043 746; x_wconf 92' lang='lat' dir='ltr'>uno</span> <span class='ocrx_word' id='word_1_32' title='bbox 1073 709 1303 765; x_wconf 81' lang='lat' dir='ltr'>semper</span> <span class='ocrx_word' id='word_1_33' title='bbox 1331 696 1537 745; x_wconf 90' lang='lat' dir='ltr'>tenore</span> <span class='ocrx_word' id='word_1_34' title='bbox 1569 696 1762 745; x_wconf 89' lang='lat' dir='ltr'>actam</span> <span class='ocrx_word' id='word_1_35' title='bbox 1789 710 1801 746; x_wconf 73' lang='grc' dir='ltr'>ε</span> <span class='ocrx_word' id='word_1_36' title='bbox 1848 691 1932 746; x_wconf 86' lang='lat' dir='ltr'>ita</span> 
     </span>
     <span class='ocr_line' id='line_1_6' title="bbox 190 786 1931 862; baseline 0 -20"><span class='ocrx_word' id='word_1_37' title='bbox 190 794 405 851; x_wconf 88' lang='lat' dir='ltr'>tamen,</span> <span class='ocrx_word' id='word_1_38' title='bbox 453 793 522 842; x_wconf 93' lang='lat' dir='ltr'>ut</span> <span class='ocrx_word' id='word_1_39' title='bbox 571 786 780 862; x_wconf 83' lang='lat' dir='ltr'>pelago</span> <span class='ocrx_word' id='word_1_40' title='bbox 827 786 1044 843; x_wconf 89' lang='lat' dir='ltr'>fessum</span> <span class='ocrx_word' id='word_1_41' title='bbox 1097 794 1159 842; x_wconf 91' lang='lat' dir='ltr'>et</span> <span class='ocrx_word' id='word_1_42' title='bbox 1208 786 1483 861; x_wconf 89' lang='lat' dir='ltr'>periculis</span> <span class='ocrx_word' id='word_1_43' title='bbox 1532 793 1802 842; x_wconf 88' lang='lat' dir='ltr'>moneret</span> <span class='ocrx_word' id='word_1_44' title='bbox 1861 806 1931 842; x_wconf 85' lang='lat' dir='ltr'>ea</span> 
     </span>
     <span class='ocr_line' id='line_1_7' title="bbox 188 880 910 956; baseline 0 -19"><span class='ocrx_word' id='word_1_45' title='bbox 188 880 374 938; x_wconf 89' lang='lat' dir='ltr'>indies</span> <span class='ocrx_word' id='word_1_46' title='bbox 404 887 653 956; x_wconf 87' lang='lat' dir='ltr'>speratae</span> <span class='ocrx_word' id='word_1_47' title='bbox 684 882 910 938; x_wconf 75' lang='lat' dir='ltr'>domus,</span> 
     </span>
    </p>
   </div>
   <div class='ocr_carea' id='block_1_3' title="bbox 183 1067 1930 1721">
    <p class='ocr_par' dir='ltr' id='par_1_3' title="bbox 183 1067 1930 1721">
     <span class='ocr_line' id='line_1_8' title="bbox 272 1067 1929 1150; baseline 0.001 -21"><span class='ocrx_word' id='word_1_48' title='bbox 272 1067 487 1148; x_wconf 92' lang='lat' dir='ltr'>Neque</span> <span class='ocrx_word' id='word_1_49' title='bbox 518 1087 654 1129; x_wconf 84' lang='lat' dir='ltr'>vero</span> <span class='ocrx_word' id='word_1_50' title='bbox 692 1067 788 1130; x_wconf 90' lang='lat' dir='ltr'>hic</span> <span class='ocrx_word' id='word_1_51' title='bbox 825 1069 1037 1131; x_wconf 87' lang='lat' dir='ltr'>desunt</span> <span class='ocrx_word' id='word_1_52' title='bbox 1076 1074 1331 1141; x_wconf 86' lang='lat' dir='ltr'>omninO,</span> <span class='ocrx_word' id='word_1_53' title='bbox 1363 1091 1491 1149; x_wconf 83' lang='lat' dir='ltr'>quae</span> <span class='ocrx_word' id='word_1_54' title='bbox 1521 1079 1758 1131; x_wconf 91' lang='lat' dir='ltr'>tentent</span> <span class='ocrx_word' id='word_1_55' title='bbox 1797 1095 1929 1150; x_wconf 88' lang='lat' dir='ltr'>pro-</span> 
     </span>
     <span class='ocr_line' id='line_1_9' title="bbox 187 1170 1930 1246; baseline 0.001 -20"><span class='ocrx_word' id='word_1_56' title='bbox 187 1170 447 1244; x_wconf 88' lang='lat' dir='ltr'>bentque</span> <span class='ocrx_word' id='word_1_57' title='bbox 493 1171 699 1244; x_wconf 88' lang='lat' dir='ltr'>patriae</span> <span class='ocrx_word' id='word_1_58' title='bbox 749 1189 817 1226; x_wconf 89' lang='lat' dir='ltr'>ac</span> <span class='ocrx_word' id='word_1_59' title='bbox 868 1171 1132 1246; x_wconf 83' lang='lat' dir='ltr'>conjugis</span> <span class='ocrx_word' id='word_1_60' title='bbox 1189 1178 1510 1239; x_wconf 89' lang='lat' dir='ltr'>amantem,</span> <span class='ocrx_word' id='word_1_61' title='bbox 1568 1172 1684 1228; x_wconf 88' lang='lat' dir='ltr'>fide</span> <span class='ocrx_word' id='word_1_62' title='bbox 1742 1173 1930 1228; x_wconf 87' lang='lat' dir='ltr'>incor-</span> 
     </span>
     <span class='ocr_line' id='line_1_10' title="bbox 185 1266 1930 1342; baseline 0.001 -19"><span class='ocrx_word' id='word_1_63' title='bbox 185 1274 374 1342; x_wconf 90' lang='lat' dir='ltr'>rupta,</span> <span class='ocrx_word' id='word_1_64' title='bbox 402 1267 684 1342; x_wconf 89' lang='lat' dir='ltr'>propositi</span> <span class='ocrx_word' id='word_1_65' title='bbox 714 1267 860 1323; x_wconf 90' lang='lat' dir='ltr'>recti</span> <span class='ocrx_word' id='word_1_66' title='bbox 886 1274 1172 1323; x_wconf 82' lang='lat' dir='ltr'>tenacem.</span> <span class='ocrx_word' id='word_1_67' title='bbox 1233 1266 1321 1324; x_wconf 92' lang='lat' dir='ltr'>Ut</span> <span class='ocrx_word' id='word_1_68' title='bbox 1351 1268 1508 1323; x_wconf 90' lang='lat' dir='ltr'>enim</span> <span class='ocrx_word' id='word_1_69' title='bbox 1533 1268 1606 1323; x_wconf 91' lang='lat' dir='ltr'>de</span> <span class='ocrx_word' id='word_1_70' title='bbox 1634 1267 1930 1326; x_wconf 83' lang='lat' dir='ltr'>Nausicaa</span> 
     </span>
     <span class='ocr_line' id='line_1_11' title="bbox 184 1363 1929 1438; baseline 0.001 -18"><span class='ocrx_word' id='word_1_71' title='bbox 184 1370 428 1431; x_wconf 87' lang='lat' dir='ltr'>taceam,</span> <span class='ocrx_word' id='word_1_72' title='bbox 476 1364 641 1438; x_wconf 89' lang='lat' dir='ltr'>cujus</span> <span class='ocrx_word' id='word_1_73' title='bbox 683 1383 930 1438; x_wconf 88' lang='lat' dir='ltr'>persona</span> <span class='ocrx_word' id='word_1_74' title='bbox 977 1363 1123 1419; x_wconf 91' lang='lat' dir='ltr'>nihil</span> <span class='ocrx_word' id='word_1_75' title='bbox 1174 1383 1422 1438; x_wconf 90' lang='lat' dir='ltr'>usquam</span> <span class='ocrx_word' id='word_1_76' title='bbox 1473 1372 1578 1420; x_wconf 89' lang='lat' dir='ltr'>aut</span> <span class='ocrx_word' id='word_1_77' title='bbox 1624 1367 1929 1422; x_wconf 83' lang='lat' dir='ltr'>venustius</span> 
     </span>
     <span class='ocr_line' id='line_1_12' title="bbox 183 1457 1927 1536; baseline 0.001 -20"><span class='ocrx_word' id='word_1_78' title='bbox 183 1460 362 1517; x_wconf 92' lang='lat' dir='ltr'>habet</span> <span class='ocrx_word' id='word_1_79' title='bbox 391 1470 494 1517; x_wconf 84' lang='lat' dir='ltr'>aut</span> <span class='ocrx_word' id='word_1_80' title='bbox 517 1457 834 1535; x_wconf 85' lang='lat' dir='ltr'>pudentius</span> <span class='ocrx_word' id='word_1_81' title='bbox 858 1465 1126 1517; x_wconf 82' lang='lat' dir='ltr'>veterum</span> <span class='ocrx_word' id='word_1_82' title='bbox 1150 1458 1353 1517; x_wconf 88' lang='lat' dir='ltr'>Poesis</span> <span class='ocrx_word' id='word_1_83' title='bbox 1370 1477 1648 1535; x_wconf 78' lang='lat' dir='ltr'>t—quam</span> <span class='ocrx_word' id='word_1_84' title='bbox 1672 1458 1927 1536; x_wconf 89' lang='lat' dir='ltr'>quidem,</span> 
     </span>
     <span class='ocr_line' id='line_1_13' title="bbox 183 1556 1930 1624; baseline 0.002 -12"><span class='ocrx_word' id='word_1_85' title='bbox 183 1557 305 1613; x_wconf 87' lang='lat' dir='ltr'>viso</span> <span class='ocrx_word' id='word_1_86' title='bbox 336 1557 534 1613; x_wconf 91' lang='lat' dir='ltr'>divino</span> <span class='ocrx_word' id='word_1_87' title='bbox 577 1557 832 1624; x_wconf 90' lang='lat' dir='ltr'>homine,</span> <span class='ocrx_word' id='word_1_88' title='bbox 862 1577 982 1613; x_wconf 88' lang='lat' dir='ltr'>non</span> <span class='ocrx_word' id='word_1_89' title='bbox 1020 1556 1232 1614; x_wconf 89' lang='lat' dir='ltr'>leviter</span> <span class='ocrx_word' id='word_1_90' title='bbox 1258 1558 1483 1614; x_wconf 88' lang='lat' dir='ltr'>moveri</span> <span class='ocrx_word' id='word_1_91' title='bbox 1512 1564 1768 1616; x_wconf 88' lang='lat' dir='ltr'>testatur</span> <span class='ocrx_word' id='word_1_92' title='bbox 1798 1559 1930 1616; x_wconf 90' lang='lat' dir='ltr'>dul-</span> 
     </span>
     <span class='ocr_line' id='line_1_14' title="bbox 185 1649 976 1721; baseline 0.001 -13"><span class='ocrx_word' id='word_1_93' title='bbox 185 1649 483 1709; x_wconf 89' lang='lat' dir='ltr'>cissimum</span> <span class='ocrx_word' id='word_1_94' title='bbox 514 1652 661 1709; x_wconf 87' lang='lat' dir='ltr'>illud</span> <span class='ocrx_word' id='word_1_95' title='bbox 693 1661 724 1683; x_wconf 76' lang='lat'>‘⁶</span> <span class='ocrx_word' id='word_1_96' title='bbox 744 1650 976 1721; x_wconf 77' lang='lat' dir='ltr'>valek;”</span> 
     </span>
    </p>
   </div>
   <div class='ocr_carea' id='block_1_4' title="bbox 177 1765 1928 3051">
    <p class='ocr_par' dir='ltr' id='par_1_4' title="bbox 420 1765 1452 1823">
     <span class='ocr_line' id='line_1_15' title="bbox 420 1765 1452 1823; baseline 0 -13"><span class='ocrx_word' id='word_1_97' title='bbox 420 1799 429 1810; x_wconf 86' lang='lat'>.</span> <span class='ocrx_word' id='word_1_98' title='bbox 449 1800 458 1810; x_wconf 90' lang='lat'><strong>.</strong></span> <span class='ocrx_word' id='word_1_99' title='bbox 479 1799 488 1809; x_wconf 87' lang='lat'><strong>.</strong></span> <span class='ocrx_word' id='word_1_100' title='bbox 507 1801 516 1810; x_wconf 94' lang='lat'><strong>.</strong></span> <span class='ocrx_word' id='word_1_101' title='bbox 534 1766 757 1810; x_wconf 85' lang='grc' dir='ltr'>Ναυσικάα</span> <span class='ocrx_word' id='word_1_102' title='bbox 779 1766 838 1818; x_wconf 80' lang='grc' dir='ltr'>δὲ,</span> <span class='ocrx_word' id='word_1_103' title='bbox 861 1766 968 1810; x_wconf 82' lang='grc' dir='ltr'>θεῶν</span> <span class='ocrx_word' id='word_1_104' title='bbox 987 1766 1071 1809; x_wconf 84' lang='grc' dir='ltr'>ἀπὸ</span> <span class='ocrx_word' id='word_1_105' title='bbox 1093 1765 1253 1810; x_wconf 86' lang='grc' dir='ltr'>κάλλος</span> <span class='ocrx_word' id='word_1_106' title='bbox 1273 1766 1452 1823; x_wconf 73' lang='grc' dir='ltr'>ἔχουσα,</span> 
     </span>
    </p>

    <p class='ocr_par' dir='ltr' id='par_1_5' title="bbox 416 1833 1447 1896">
     <span class='ocr_line' id='line_1_16' title="bbox 416 1833 1447 1896; baseline 0 -15"><span class='ocrx_word' id='word_1_107' title='bbox 416 1839 497 1893; x_wconf 86' lang='grc' dir='ltr'>στῆ</span> <span class='ocrx_word' id='word_1_108' title='bbox 518 1833 574 1895; x_wconf 86' lang='grc' dir='ltr'>ῥα</span> <span class='ocrx_word' id='word_1_109' title='bbox 593 1834 709 1896; x_wconf 75' lang='grc' dir='ltr'>παρὰ</span> <span class='ocrx_word' id='word_1_110' title='bbox 730 1836 924 1894; x_wconf 84' lang='grc' dir='ltr'>σταθμὸν</span> <span class='ocrx_word' id='word_1_111' title='bbox 942 1838 1088 1896; x_wconf 80' lang='grc' dir='ltr'>τέγεος</span> <span class='ocrx_word' id='word_1_112' title='bbox 1107 1837 1220 1881; x_wconf 86' lang='grc' dir='ltr'>πύκα</span> <span class='ocrx_word' id='word_1_113' title='bbox 1239 1841 1447 1894; x_wconf 82' lang='grc' dir='ltr'>ποιητοῖο,</span> 
     </span>
    </p>

    <p class='ocr_par' dir='ltr' id='par_1_6' title="bbox 418 1906 1464 1967">
     <span class='ocr_line' id='line_1_17' title="bbox 418 1906 1464 1967; baseline 0.001 -15"><span class='ocrx_word' id='word_1_114' title='bbox 418 1907 627 1966; x_wconf 81' lang='grc' dir='ltr'>θαύμαζεν</span> <span class='ocrx_word' id='word_1_115' title='bbox 648 1909 684 1953; x_wconf 83' lang='grc' dir='ltr'>δ’</span> <span class='ocrx_word' id='word_1_116' title='bbox 706 1909 898 1966; x_wconf 86' lang='grc' dir='ltr'>Ὀδυσῆα</span> <span class='ocrx_word' id='word_1_117' title='bbox 920 1911 964 1954; x_wconf 87' lang='grc' dir='ltr'>ἐν</span> <span class='ocrx_word' id='word_1_118' title='bbox 985 1906 1281 1967; x_wconf 75' lang='grc' dir='ltr'>ὀφθαλμοῖσιν</span> <span class='ocrx_word' id='word_1_119' title='bbox 1302 1912 1464 1967; x_wconf 83' lang='grc' dir='ltr'>ὁρῶσα,</span> 
     </span>
    </p>

    <p class='ocr_par' dir='ltr' id='par_1_7' title="bbox 415 1980 1454 2040">
     <span class='ocr_line' id='line_1_18' title="bbox 415 1980 1454 2040; baseline 0.002 -16"><span class='ocrx_word' id='word_1_120' title='bbox 415 1981 485 2024; x_wconf 90' lang='grc' dir='ltr'>καί</span> <span class='ocrx_word' id='word_1_121' title='bbox 503 2000 575 2038; x_wconf 93' lang='grc' dir='ltr'>μιν</span> <span class='ocrx_word' id='word_1_122' title='bbox 595 1980 824 2040; x_wconf 80' lang='grc' dir='ltr'>φωνήσασ’</span> <span class='ocrx_word' id='word_1_123' title='bbox 842 1983 944 2026; x_wconf 82' lang='grc' dir='ltr'>ἕπεα</span> <span class='ocrx_word' id='word_1_124' title='bbox 959 1983 1193 2038; x_wconf 86' lang='grc' dir='ltr'>πτερόεντα</span> <span class='ocrx_word' id='word_1_125' title='bbox 1213 1980 1454 2039; x_wconf 82' lang='grc' dir='ltr'>προσηύδα·</span> 
     </span>
    </p>

    <p class='ocr_par' dir='ltr' id='par_1_8' title="bbox 413 2052 1475 2111">
     <span class='ocr_line' id='line_1_19' title="bbox 413 2052 1475 2111; baseline 0.002 -16"><span class='ocrx_word' id='word_1_126' title='bbox 413 2055 554 2110; x_wconf 87' lang='grc' dir='ltr'>χαῖρε,</span> <span class='ocrx_word' id='word_1_127' title='bbox 576 2052 691 2108; x_wconf 80' lang='grc' dir='ltr'>ξεῖν’·</span> <span class='ocrx_word' id='word_1_128' title='bbox 723 2052 791 2097; x_wconf 82' lang='grc' dir='ltr'>ἵνα</span> <span class='ocrx_word' id='word_1_129' title='bbox 811 2054 879 2097; x_wconf 87' lang='grc' dir='ltr'>καὶ</span> <span class='ocrx_word' id='word_1_130' title='bbox 899 2053 994 2097; x_wconf 83' lang='grc' dir='ltr'>ποτ’</span> <span class='ocrx_word' id='word_1_131' title='bbox 1018 2053 1097 2097; x_wconf 88' lang='grc' dir='ltr'>ἐὼν</span> <span class='ocrx_word' id='word_1_132' title='bbox 1118 2053 1163 2097; x_wconf 86' lang='grc' dir='ltr'>ἐν</span> <span class='ocrx_word' id='word_1_133' title='bbox 1182 2053 1355 2111; x_wconf 82' lang='grc' dir='ltr'>πατρίδι</span> <span class='ocrx_word' id='word_1_134' title='bbox 1375 2054 1475 2111; x_wconf 87' lang='grc' dir='ltr'>γαίῃ</span> 
     </span>
    </p>

    <p class='ocr_par' dir='ltr' id='par_1_9' title="bbox 177 2124 1928 2594">
     <span class='ocr_line' id='line_1_20' title="bbox 411 2124 1471 2185; baseline 0.003 -17"><span class='ocrx_word' id='word_1_135' title='bbox 411 2125 553 2182; x_wconf 84' lang='grc' dir='ltr'>μνήσῃ</span> <span class='ocrx_word' id='word_1_136' title='bbox 575 2124 691 2183; x_wconf 82' lang='grc' dir='ltr'>ἐμεῖ’,</span> <span class='ocrx_word' id='word_1_137' title='bbox 714 2125 780 2170; x_wconf 82' lang='grc' dir='ltr'>ὅτι</span> <span class='ocrx_word' id='word_1_138' title='bbox 800 2141 872 2184; x_wconf 84' lang='grc' dir='ltr'>μοι</span> <span class='ocrx_word' id='word_1_139' title='bbox 891 2128 1037 2184; x_wconf 82' lang='grc' dir='ltr'>πρώτῃ</span> <span class='ocrx_word' id='word_1_140' title='bbox 1060 2125 1226 2184; x_wconf 82' lang='grc' dir='ltr'>ζωάγρι’</span> <span class='ocrx_word' id='word_1_141' title='bbox 1249 2127 1471 2185; x_wconf 74' lang='grc' dir='ltr'>ὀφελλεις·</span> 
     </span>
     <span class='ocr_line' id='line_1_21' title="bbox 180 2224 1927 2305; baseline 0.003 -23"><span class='ocrx_word' id='word_1_142' title='bbox 180 2224 303 2283; x_wconf 86' lang='lat' dir='ltr'>haec</span> <span class='ocrx_word' id='word_1_143' title='bbox 341 2227 460 2294; x_wconf 92' lang='lat' dir='ltr'>illa,</span> <span class='ocrx_word' id='word_1_144' title='bbox 500 2235 813 2303; x_wconf 87' lang='lat' dir='ltr'>postquam</span> <span class='ocrx_word' id='word_1_145' title='bbox 854 2229 1084 2286; x_wconf 87' lang='lat' dir='ltr'>disertis</span> <span class='ocrx_word' id='word_1_146' title='bbox 1115 2230 1306 2286; x_wconf 86' lang='lat' dir='ltr'>verbis</span> <span class='ocrx_word' id='word_1_147' title='bbox 1349 2248 1479 2286; x_wconf 89' lang='lat' dir='ltr'>eam</span> <span class='ocrx_word' id='word_1_148' title='bbox 1520 2229 1704 2286; x_wconf 89' lang='lat' dir='ltr'>semel</span> <span class='ocrx_word' id='word_1_149' title='bbox 1747 2238 1927 2305; x_wconf 90' lang='lat' dir='ltr'>atque</span> 
     </span>
     <span class='ocr_line' id='line_1_22' title="bbox 181 2323 1928 2401; baseline 0.003 -23"><span class='ocrx_word' id='word_1_150' title='bbox 181 2323 395 2380; x_wconf 88' lang='lat' dir='ltr'>iterum</span> <span class='ocrx_word' id='word_1_151' title='bbox 449 2324 645 2400; x_wconf 87' lang='lat' dir='ltr'>Ulyssi</span> <span class='ocrx_word' id='word_1_152' title='bbox 690 2325 988 2400; x_wconf 88' lang='lat' dir='ltr'>pollicitus</span> <span class='ocrx_word' id='word_1_153' title='bbox 1031 2332 1159 2382; x_wconf 89' lang='lat' dir='ltr'>erat</span> <span class='ocrx_word' id='word_1_154' title='bbox 1202 2332 1372 2401; x_wconf 86' lang='lat' dir='ltr'>pater</span> <span class='ocrx_word' id='word_1_155' title='bbox 1414 2325 1703 2383; x_wconf 90' lang='lat' dir='ltr'>Alcinous</span> <span class='ocrx_word' id='word_1_156' title='bbox 1724 2328 1928 2384; x_wconf 78' lang='lat' dir='ltr'>z—sed</span> 
     </span>
     <span class='ocr_line' id='line_1_23' title="bbox 180 2420 1926 2500; baseline 0.003 -25"><span class='ocrx_word' id='word_1_157' title='bbox 180 2426 249 2475; x_wconf 91' lang='lat' dir='ltr'>ut</span> <span class='ocrx_word' id='word_1_158' title='bbox 279 2421 352 2477; x_wconf 92' lang='lat' dir='ltr'>de</span> <span class='ocrx_word' id='word_1_159' title='bbox 377 2420 673 2479; x_wconf 86' lang='lat' dir='ltr'>Nausicaa</span> <span class='ocrx_word' id='word_1_160' title='bbox 695 2429 940 2490; x_wconf 84' lang='lat' dir='ltr'>taceam,</span> <span class='ocrx_word' id='word_1_161' title='bbox 970 2424 1094 2498; x_wconf 89' lang='lat' dir='ltr'>ipse</span> <span class='ocrx_word' id='word_1_162' title='bbox 1116 2422 1423 2489; x_wconf 81' lang='lat' dir='ltr'>AlcinouS,</span> <span class='ocrx_word' id='word_1_163' title='bbox 1448 2442 1624 2497; x_wconf 88' lang='lat' dir='ltr'>quam</span> <span class='ocrx_word' id='word_1_164' title='bbox 1655 2423 1926 2500; x_wconf 83' lang='lat' dir='ltr'>benigne,</span> 
     </span>
     <span class='ocr_line' id='line_1_24' title="bbox 177 2516 1443 2594; baseline 0.001 -21"><span class='ocrx_word' id='word_1_165' title='bbox 177 2535 351 2591; x_wconf 87' lang='lat' dir='ltr'>quam</span> <span class='ocrx_word' id='word_1_166' title='bbox 381 2520 652 2586; x_wconf 88' lang='lat' dir='ltr'>suaviter,</span> <span class='ocrx_word' id='word_1_167' title='bbox 683 2539 859 2594; x_wconf 88' lang='lat' dir='ltr'>quam</span> <span class='ocrx_word' id='word_1_168' title='bbox 890 2522 1169 2577; x_wconf 91' lang='lat' dir='ltr'>decenter</span> <span class='ocrx_word' id='word_1_169' title='bbox 1191 2516 1443 2577; x_wconf 79' lang='lat' dir='ltr'>omnial!</span> 
     </span>
    </p>

    <p class='ocr_par' dir='ltr' id='par_1_10' title="bbox 412 2630 1583 2691">
     <span class='ocr_line' id='line_1_25' title="bbox 412 2630 1583 2691; baseline 0.001 -17"><span class='ocrx_word' id='word_1_170' title='bbox 412 2630 456 2674; x_wconf 81' lang='grc' dir='ltr'>αἲ</span> <span class='ocrx_word' id='word_1_171' title='bbox 473 2632 572 2690; x_wconf 83' lang='grc' dir='ltr'>γὰρ,</span> <span class='ocrx_word' id='word_1_172' title='bbox 595 2635 674 2676; x_wconf 85' lang='grc' dir='ltr'>Ζεῦ</span> <span class='ocrx_word' id='word_1_173' title='bbox 695 2651 741 2676; x_wconf 85' lang='grc' dir='ltr'>τε</span> <span class='ocrx_word' id='word_1_174' title='bbox 761 2632 910 2691; x_wconf 87' lang='grc' dir='ltr'>πάτερ,</span> <span class='ocrx_word' id='word_1_175' title='bbox 932 2633 1001 2676; x_wconf 83' lang='grc' dir='ltr'>καὶ</span> <span class='ocrx_word' id='word_1_176' title='bbox 1020 2632 1237 2688; x_wconf 88' lang='grc' dir='ltr'>Ἀθηναίη,</span> <span class='ocrx_word' id='word_1_177' title='bbox 1259 2633 1327 2676; x_wconf 87' lang='grc' dir='ltr'>καὶ</span> <span class='ocrx_word' id='word_1_178' title='bbox 1338 2630 1583 2684; x_wconf 72' lang='grc' dir='ltr'>”Απολλον,</span> 
     </span>
    </p>

    <p class='ocr_par' dir='ltr' id='par_1_11' title="bbox 411 2701 1609 2762">
     <span class='ocr_line' id='line_1_26' title="bbox 411 2701 1609 2762; baseline 0 -16"><span class='ocrx_word' id='word_1_179' title='bbox 411 2705 527 2748; x_wconf 87' lang='grc' dir='ltr'>τοῖος</span> <span class='ocrx_word' id='word_1_180' title='bbox 547 2703 640 2755; x_wconf 84' lang='grc' dir='ltr'>ἐὼν,</span> <span class='ocrx_word' id='word_1_181' title='bbox 663 2702 751 2749; x_wconf 82' lang='grc' dir='ltr'>οἶός</span> <span class='ocrx_word' id='word_1_182' title='bbox 771 2704 889 2755; x_wconf 85' lang='grc' dir='ltr'>ἐσσι,</span> <span class='ocrx_word' id='word_1_183' title='bbox 911 2701 964 2747; x_wconf 87' lang='grc' dir='ltr'>τά</span> <span class='ocrx_word' id='word_1_184' title='bbox 983 2722 1030 2748; x_wconf 89' lang='grc' dir='ltr'>τε</span> <span class='ocrx_word' id='word_1_185' title='bbox 1050 2703 1261 2762; x_wconf 85' lang='grc' dir='ltr'>φρονέων,</span> <span class='ocrx_word' id='word_1_186' title='bbox 1285 2704 1326 2755; x_wconf 83' lang='grc' dir='ltr'>ἅ,</span> <span class='ocrx_word' id='word_1_187' title='bbox 1349 2703 1384 2747; x_wconf 87' lang='grc' dir='ltr'>τ’</span> <span class='ocrx_word' id='word_1_188' title='bbox 1408 2703 1491 2761; x_wconf 86' lang='grc' dir='ltr'>ἐγώ</span> <span class='ocrx_word' id='word_1_189' title='bbox 1511 2722 1609 2761; x_wconf 91' lang='grc' dir='ltr'>περ,</span> 
     </span>
    </p>

    <p class='ocr_par' dir='ltr' id='par_1_12' title="bbox 411 2773 1589 2834">
     <span class='ocr_line' id='line_1_27' title="bbox 411 2773 1589 2834; baseline 0.001 -17"><span class='ocrx_word' id='word_1_190' title='bbox 411 2775 544 2818; x_wconf 87' lang='grc' dir='ltr'>παῖδα</span> <span class='ocrx_word' id='word_1_191' title='bbox 563 2773 598 2818; x_wconf 82' lang='grc' dir='ltr'>τ’</span> <span class='ocrx_word' id='word_1_192' title='bbox 623 2775 724 2831; x_wconf 88' lang='grc' dir='ltr'>ἐμὴν</span> <span class='ocrx_word' id='word_1_193' title='bbox 745 2775 911 2832; x_wconf 84' lang='grc' dir='ltr'>ἐχέμεν,</span> <span class='ocrx_word' id='word_1_194' title='bbox 933 2776 1001 2818; x_wconf 83' lang='grc' dir='ltr'>καὶ</span> <span class='ocrx_word' id='word_1_195' title='bbox 1021 2776 1122 2832; x_wconf 89' lang='grc' dir='ltr'>ἐμὸς</span> <span class='ocrx_word' id='word_1_196' title='bbox 1140 2777 1336 2834; x_wconf 86' lang='grc' dir='ltr'>γαμβρὸς</span> <span class='ocrx_word' id='word_1_197' title='bbox 1357 2775 1589 2820; x_wconf 85' lang='grc' dir='ltr'>καλέεσθαι</span> 
     </span>
    </p>

    <p class='ocr_par' dir='ltr' id='par_1_13' title="bbox 413 2844 1511 2905">
     <span class='ocr_line' id='line_1_28' title="bbox 413 2844 1511 2905; baseline 0.002 -16"><span class='ocrx_word' id='word_1_198' title='bbox 413 2844 510 2890; x_wconf 79' lang='grc' dir='ltr'>αὖθι</span> <span class='ocrx_word' id='word_1_199' title='bbox 530 2846 679 2903; x_wconf 84' lang='grc' dir='ltr'>μένων·</span> <span class='ocrx_word' id='word_1_200' title='bbox 713 2845 829 2891; x_wconf 82' lang='grc' dir='ltr'>οἷκον</span> <span class='ocrx_word' id='word_1_201' title='bbox 849 2847 895 2891; x_wconf 78' lang='grc' dir='ltr'>δὲ</span> <span class='ocrx_word' id='word_1_202' title='bbox 917 2847 952 2891; x_wconf 89' lang='grc' dir='ltr'>τ’</span> <span class='ocrx_word' id='word_1_203' title='bbox 976 2848 1060 2905; x_wconf 87' lang='grc' dir='ltr'>ἐγὼ</span> <span class='ocrx_word' id='word_1_204' title='bbox 1082 2849 1150 2891; x_wconf 85' lang='grc' dir='ltr'>καὶ</span> <span class='ocrx_word' id='word_1_205' title='bbox 1171 2847 1359 2905; x_wconf 82' lang='grc' dir='ltr'>κτήματα</span> <span class='ocrx_word' id='word_1_206' title='bbox 1380 2848 1511 2903; x_wconf 83' lang='grc' dir='ltr'>δοίην,</span> 
     </span>
    </p>

    <p class='ocr_par' dir='ltr' id='par_1_14' title="bbox 411 2916 1572 2977">
     <span class='ocr_line' id='line_1_29' title="bbox 411 2916 1572 2977; baseline 0.002 -17"><span class='ocrx_word' id='word_1_207' title='bbox 411 2916 449 2961; x_wconf 85' lang='grc' dir='ltr'>εἷ</span> <span class='ocrx_word' id='word_1_208' title='bbox 469 2917 503 2961; x_wconf 85' lang='grc' dir='ltr'>κ’</span> <span class='ocrx_word' id='word_1_209' title='bbox 527 2918 689 2963; x_wconf 81' lang='grc' dir='ltr'>ἐθέλων</span> <span class='ocrx_word' id='word_1_210' title='bbox 707 2937 759 2977; x_wconf 87' lang='grc' dir='ltr'>γε</span> <span class='ocrx_word' id='word_1_211' title='bbox 778 2919 934 2976; x_wconf 79' lang='grc' dir='ltr'>μένοις·</span> <span class='ocrx_word' id='word_1_212' title='bbox 967 2919 1143 2964; x_wconf 82' lang='grc' dir='ltr'>ἀέκοντα</span> <span class='ocrx_word' id='word_1_213' title='bbox 1164 2918 1208 2964; x_wconf 85' lang='grc' dir='ltr'>δέ</span> <span class='ocrx_word' id='word_1_214' title='bbox 1232 2919 1274 2964; x_wconf 91' lang='grc' dir='ltr'>σ’</span> <span class='ocrx_word' id='word_1_215' title='bbox 1298 2922 1413 2965; x_wconf 80' lang='grc' dir='ltr'>οὔτις</span> <span class='ocrx_word' id='word_1_216' title='bbox 1433 2918 1572 2977; x_wconf 79' lang='grc' dir='ltr'>ἐρύξει</span> 
     </span>
    </p>

    <p class='ocr_par' dir='ltr' id='par_1_15' title="bbox 411 2989 1454 3051">
     <span class='ocr_line' id='line_1_30' title="bbox 411 2989 1454 3051; baseline 0.003 -18"><span class='ocrx_word' id='word_1_217' title='bbox 411 2989 616 3046; x_wconf 68' lang='grc' dir='ltr'>Φαιήκων</span> <span class='ocrx_word' id='word_1_218' title='bbox 649 2991 705 3047; x_wconf 90' lang='grc' dir='ltr'>μὴ</span> <span class='ocrx_word' id='word_1_219' title='bbox 726 2994 853 3035; x_wconf 88' lang='grc' dir='ltr'>τοῦτο</span> <span class='ocrx_word' id='word_1_220' title='bbox 873 2992 1009 3049; x_wconf 84' lang='grc' dir='ltr'>φίλον</span> <span class='ocrx_word' id='word_1_221' title='bbox 1030 2990 1104 3036; x_wconf 86' lang='grc' dir='ltr'>Διῒ</span> <span class='ocrx_word' id='word_1_222' title='bbox 1120 2993 1251 3051; x_wconf 84' lang='grc' dir='ltr'>πατρὶ</span> <span class='ocrx_word' id='word_1_223' title='bbox 1270 2991 1454 3051; x_wconf 82' lang='grc' dir='ltr'>γένοιτο.</span> 
     </span>
    </p>
   </div>
   <div class='ocr_carea' id='block_1_5' title="bbox 178 3084 1925 3451">
    <p class='ocr_par' dir='ltr' id='par_1_16' title="bbox 178 3084 1925 3333">
     <span class='ocr_line' id='line_1_31' title="bbox 261 3084 1925 3160; baseline 0.001 -17"><span class='ocrx_word' id='word_1_224' title='bbox 261 3084 466 3160; x_wconf 88' lang='lat' dir='ltr'>Atque</span> <span class='ocrx_word' id='word_1_225' title='bbox 508 3087 688 3143; x_wconf 86' lang='lat' dir='ltr'>etiam</span> <span class='ocrx_word' id='word_1_226' title='bbox 731 3105 884 3144; x_wconf 90' lang='lat' dir='ltr'>unus</span> <span class='ocrx_word' id='word_1_227' title='bbox 924 3088 1190 3144; x_wconf 89' lang='lat' dir='ltr'>omnium</span> <span class='ocrx_word' id='word_1_228' title='bbox 1237 3089 1616 3145; x_wconf 87' lang='lat' dir='ltr'>convivarum</span> <span class='ocrx_word' id='word_1_229' title='bbox 1663 3089 1925 3146; x_wconf 84' lang='lat' dir='ltr'>animad-</span> 
     </span>
     <span class='ocr_line' id='line_1_32' title="bbox 178 3179 1923 3259; baseline 0.003 -24"><span class='ocrx_word' id='word_1_230' title='bbox 178 3180 356 3236; x_wconf 89' lang='lat' dir='ltr'>vertit</span> <span class='ocrx_word' id='word_1_231' title='bbox 401 3179 676 3258; x_wconf 89' lang='lat' dir='ltr'>Ulyssem</span> <span class='ocrx_word' id='word_1_232' title='bbox 717 3184 899 3240; x_wconf 87' lang='lat' dir='ltr'>tacite</span> <span class='ocrx_word' id='word_1_233' title='bbox 942 3183 1100 3251; x_wconf 92' lang='lat' dir='ltr'>flere,</span> <span class='ocrx_word' id='word_1_234' title='bbox 1148 3185 1381 3259; x_wconf 88' lang='lat' dir='ltr'>quoties</span> <span class='ocrx_word' id='word_1_235' title='bbox 1425 3185 1499 3241; x_wconf 92' lang='lat' dir='ltr'>de</span> <span class='ocrx_word' id='word_1_236' title='bbox 1545 3183 1658 3241; x_wconf 91' lang='lat' dir='ltr'>Ilio</span> <span class='ocrx_word' id='word_1_237' title='bbox 1700 3187 1923 3242; x_wconf 83' lang='lat' dir='ltr'>cantari</span> 
     </span>
     <span class='ocr_line' id='line_1_33' title="bbox 178 3276 459 3333; baseline 0.007 -2"><span class='ocrx_word' id='word_1_238' title='bbox 178 3276 459 3333; x_wconf 77' lang='lat' dir='ltr'>audiatm:</span> 
     </span>
    </p>

    <p class='ocr_par' dir='ltr' id='par_1_17' title="bbox 411 3388 1553 3451">
     <span class='ocr_line' id='line_1_34' title="bbox 411 3388 1553 3451; baseline 0.005 -20"><span class='ocrx_word' id='word_1_239' title='bbox 411 3388 494 3432; x_wconf 80' lang='grc' dir='ltr'>ἐνθ’</span> <span class='ocrx_word' id='word_1_240' title='bbox 516 3389 676 3436; x_wconf 80' lang='grc' dir='ltr'>ἀλλοὺς</span> <span class='ocrx_word' id='word_1_241' title='bbox 696 3390 774 3447; x_wconf 79' lang='grc' dir='ltr'>μὲν</span> <span class='ocrx_word' id='word_1_242' title='bbox 793 3391 953 3437; x_wconf 79' lang='grc' dir='ltr'>πάντας</span> <span class='ocrx_word' id='word_1_243' title='bbox 973 3391 1179 3436; x_wconf 86' lang='grc' dir='ltr'>ἐλάνθανε</span> <span class='ocrx_word' id='word_1_244' title='bbox 1200 3390 1360 3451; x_wconf 87' lang='grc' dir='ltr'>δάκρυα</span> <span class='ocrx_word' id='word_1_245' title='bbox 1379 3392 1553 3445; x_wconf 81' lang='grc' dir='ltr'>λείβων,</span> 
     </span>
    </p>
   </div>
   <div class='ocr_carea' id='block_1_6' title="bbox 408 3458 1487 3521">
    <p class='ocr_par' dir='ltr' id='par_1_18' title="bbox 408 3458 1487 3521">
     <span class='ocr_line' id='line_1_35' title="bbox 408 3458 1487 3521; baseline 0.006 -18"><span class='ocrx_word' id='word_1_246' title='bbox 408 3458 629 3507; x_wconf 83' lang='grc' dir='ltr'>’Λλκίνοος</span> <span class='ocrx_word' id='word_1_247' title='bbox 649 3461 692 3505; x_wconf 82' lang='grc' dir='ltr'>δέ</span> <span class='ocrx_word' id='word_1_248' title='bbox 714 3481 786 3519; x_wconf 90' lang='grc' dir='ltr'>μιν</span> <span class='ocrx_word' id='word_1_249' title='bbox 805 3460 894 3510; x_wconf 82' lang='grc' dir='ltr'>οἶος</span> <span class='ocrx_word' id='word_1_250' title='bbox 915 3463 1182 3521; x_wconf 82' lang='grc' dir='ltr'>ἐπέφρασατ’</span> <span class='ocrx_word' id='word_1_251' title='bbox 1207 3462 1270 3520; x_wconf 80' lang='grc' dir='ltr'>ἥδ’</span> <span class='ocrx_word' id='word_1_252' title='bbox 1294 3464 1487 3520; x_wconf 84' lang='grc' dir='ltr'>ἐνόησεν,</span> 
     </span>
    </p>
   </div>
   <div class='ocr_carea' id='block_1_7' title="bbox 353 3576 1740 3642">
    <p class='ocr_par' dir='ltr' id='par_1_19' title="bbox 353 3576 1740 3642">
     <span class='ocr_line' id='line_1_36' title="bbox 353 3576 1740 3642; baseline 0.005 -21"><span class='ocrx_word' id='word_1_253' title='bbox 353 3576 377 3606; x_wconf 72' lang='lat' dir='ltr'>k</span> <span class='ocrx_word' id='word_1_254' title='bbox 410 3577 499 3622; x_wconf 87' lang='lat' dir='ltr'>Od.</span> <span class='ocrx_word' id='word_1_255' title='bbox 521 3578 609 3623; x_wconf 88' lang='lat' dir='ltr'>viii.</span> <span class='ocrx_word' id='word_1_256' title='bbox 633 3590 733 3637; x_wconf 87' lang='lat'><strong>457.</strong></span> <span class='ocrx_word' id='word_1_257' title='bbox 976 3581 991 3611; x_wconf 88' lang='lat'>1</span> <span class='ocrx_word' id='word_1_258' title='bbox 1020 3582 1093 3625; x_wconf 83' lang='lat' dir='ltr'>vii.</span> <span class='ocrx_word' id='word_1_259' title='bbox 1116 3596 1218 3640; x_wconf 87' lang='lat'><strong>311.</strong></span> <span class='ocrx_word' id='word_1_260' title='bbox 1468 3591 1497 3608; x_wconf 79' lang='lat'>¹¹¹</span> <span class='ocrx_word' id='word_1_261' title='bbox 1527 3584 1616 3628; x_wconf 90' lang='lat' dir='ltr'>viii.</span> <span class='ocrx_word' id='word_1_262' title='bbox 1639 3596 1740 3642; x_wconf 86' lang='lat'><strong>532.</strong></span> 
     </span>
    </p>
   </div>
   <div class='ocr_carea' id='block_1_8' title="bbox 999 3661 1104 3712">
    <p class='ocr_par' dir='ltr' id='par_1_20' title="bbox 999 3661 1104 3712">
     <span class='ocr_line' id='line_1_37' title="bbox 999 3661 1104 3712; baseline 0 0"><span class='ocrx_word' id='word_1_263' title='bbox 999 3661 1104 3712; x_wconf 76' lang='lat'>02</span> 
     </span>
    </p>
   </div>
  </div>
 </body>
</html>
