2320 4126
135 277 292 310 PRAEL.
312 276 383 309 v-1.
483 256 784 309 Occurritur
807 255 1122 325 quorumdam
1144 254 1521 324 eoeceptionibus.
1813 257 1883 307 85

137 402 298 476 quasi
342 402 694 456 autumnum
739 417 892 455 anno
935 403 1200 473 putasset
1245 396 1669 463 eximendum;
1717 397 1883 470 cujus

137 498 370 571 quidem
402 497 591 571 gratia
618 494 862 569 reliquae
892 501 1088 569 partes
1118 499 1480 568 pararentur.

245 593 448 649 Genus
499 598 700 648 autem
753 590 987 647 dicendi
1035 590 1192 664 quod
1245 590 1480 654 attinet,
1534 588 1886 662 paucissima
1968 663 1973 667 ι

88 705 104 713 ”
137 694 288 752 sunt,
320 706 447 760 quae
478 685 811 742 Homerum
843 705 961 741 non
992 681 1258 759 sapiunt:
1300 703 1493 758 neque
1524 703 1594 740 ea
1624 684 1884 741 crebrius

61 771 63 774 Δ
135 783 416 840 extremis
455 783 515 837 in
556 782 718 838 libris
759 782 1058 856 (quoniam
1097 781 1169 836 de
1212 781 1282 836 iis
1327 779 1661 835 addubitari
1706 779 1882 854 solet)

136 897 310 954 quam
367 879 428 933 in
487 879 732 946 caeteris,
790 883 1071 952 usurpata
1129 876 1396 952 legimus
1507 875 1883 931 Intexuerint

135 974 445 1050 aliquando
476 994 580 1031 sua
603 975 960 1031 recentiores
980 994 994 1042 ;
1031 973 1194 1029 nulla
1215 980 1419 1029 tamen
1441 972 1634 1028 adhuc
1656 973 1884 1028 ratione

135 1071 581 1138 convincuntur,
629 1089 915 1126 summam
978 1070 1159 1126 divini
1218 1069 1491 1125 carminis
1541 1069 1883 1142 corrupisse,

133 1169 362 1243 integro
392 1167 588 1241 aliquo
618 1167 885 1223 membro
916 1167 1165 1240 adjecto.

219 1264 435 1339 Neque
466 1283 604 1320 vero
642 1264 704 1318 id
734 1263 905 1318 valde
947 1275 1164 1330 moror,
1200 1262 1358 1336 quod
1397 1262 1742 1318 nonnemini
1773 1263 1889 1318 for-

133 1368 287 1418 tasse
315 1362 376 1417 in
415 1367 679 1417 mentem
712 1360 945 1415 veniet:
994 1358 1214 1414 multos
1249 1358 1341 1414 his
1372 1376 1606 1432 quoque
1651 1357 1885 1414 saeculis

134 1459 429 1533 prodiisse,
481 1458 582 1531 qui
633 1475 834 1512 versus
886 1456 1025 1511 satis
1077 1474 1320 1511 canoros
1373 1454 1454 1522 ad
1499 1454 1883 1509 Homericam

132 1573 396 1610 normam
419 1553 720 1628 potuerint
751 1570 1120 1626 componere.
1166 1552 1351 1619 ‚Quod
1377 1559 1444 1606 ut
1475 1551 1884 1616 concesserim,

133 1650 409 1725 rhythmo
455 1657 629 1706 tenus
676 1656 738 1705 et
785 1668 945 1713 son0,
991 1648 1208 1704 vellem
1255 1655 1456 1704 tamen
1503 1647 1885 1702 meminerint

133 1744 416 1812 homineS,
449 1746 647 1801 seriori
687 1746 801 1801 ista
841 1746 1001 1801 aetati
1042 1764 1382 1820 congruere,
1412 1763 1531 1799 non
1564 1742 1886 1798 Pisistratis

134 1849 195 1897 et
224 1842 542 1918 Lycurgis:
589 1861 838 1916 quorum
869 1843 1234 1916 temporibus
1263 1859 1338 1896 ne
1380 1841 1595 1913 scripta
1626 1839 1885 1912 quidem,

133 1938 243 1994 nisi
265 1958 574 2013 perpauca,
599 1939 867 1995 extitisse
898 1938 1285 2004 credendum3
1324 1936 1535 2011 quibus
1558 1936 1887 1991 imitatores

135 2035 359 2092 scilicet
388 2043 807 2094 assuescerent.

219 2131 358 2188 “At
399 2133 576 2200 enim,
607 2132 794 2188 Iliade
822 2132 949 2206 jam
991 2131 1064 2187 ad
1104 2132 1285 2187 finem
1327 2137 1696 2205 properante,
1739 2131 1889 2187 mira

135 2228 398 2301 quaedam
446 2229 532 2285 vis
578 2229 891 2284 verborum
943 2228 1213 2291 occurrit,
1257 2227 1470 2301 quibus
1514 2233 1690 2282 antea
1736 2247 1889 2282 nun-

135 2342 308 2397 quam
366 2344 504 2380 usus
559 2333 684 2380 erat
742 2323 1040 2398 scriptor.”
1147 2323 1329 2390 Quasi
1390 2342 1528 2378 vero
1587 2342 1680 2378 res
1727 2324 1888 2397 prius

134 2420 425 2486 inauditae,
458 2420 670 2494 quibus
710 2420 912 2476 referti
954 2426 1092 2476 sunt
1132 2420 1229 2475 isti
1271 2419 1422 2485 libri,
1464 2420 1730 2477 inaudita
1770 2439 1890 2477 non

136 2516 468 2573 desiderent
498 2517 695 2573 verba.

219 2612 393 2680 Quod
424 2620 624 2669 autem
654 2620 876 2688 negant
907 2615 981 2670 ad
1010 2632 1136 2669 rem
1172 2614 1469 2688 pertinere
1498 2633 1628 2687 quae
1664 2613 1892 2669 addun-

55 2759 58 2761 .
135 2714 249 2774 tur,
275 2706 541 2764 Hectore
571 2709 799 2775 occiso3
832 2710 1062 2766 duobus
1092 2710 1249 2765 enim
1282 2708 1444 2764 libris
1474 2709 1621 2764 nihil
1651 2709 1888 2775 narrari,

133 2810 345 2877 praeter
400 2804 525 2876 ejus
583 2809 645 2859 et
696 2802 954 2860 Patrocli
1012 2806 1351 2879 exsequias:
1412 2824 1498 2873 ea,
1556 2805 1603 2861 si
1660 2811 1887 2879 poterO,

49 2975 57 2983 ἱ
134 2897 318 2953 fusius
348 2897 661 2971 aliquando
692 2918 1003 2973 exponam.
1066 2899 1247 2956 Nunc
1278 2919 1512 2968 mone0‚
1533 2900 1888 2969 Homerum,

135 2994 424 3068 siquidem
466 2994 539 3050 de
592 2995 834 3051 consilio
884 2997 1010 3070 ejus
1055 3004 1116 3052 et
1163 2996 1362 3052 indole
1413 3016 1519 3053 nos
1561 3017 1681 3053 non
1734 2998 1890 3054 male

135 3090 532 3163 conjecturam
572 3091 835 3158 fecimus
874 3092 1146 3149 debuisse
1191 3095 1431 3150 omnino
1477 3095 1627 3150 serio
1672 3094 1891 3151 affectu

134 3187 405 3259 prosequi
435 3186 630 3244 luctus
661 3195 722 3244 et
752 3188 960 3244 funera
990 3173 1279 3246 Heroum.

240 3280 530 3356 Denique,
597 3284 643 3340 si
707 3303 805 3340 me
876 3286 1145 3350 audietiS,
1205 3284 1571 3351 Academici,
1644 3285 1890 3341 minime

136 3378 400 3433 omnium
447 3397 549 3434 vos
595 3380 860 3436 movebit
899 3381 1110 3436 horum
1153 3382 1252 3455 qui
1298 3400 1455 3436 nunc
1501 3388 1639 3437 sunt
1683 3389 1893 3437 acutu-

135 3470 326 3528 lorum
375 3473 682 3530 hominum
733 3476 1009 3532 arcessita
1060 3495 1198 3533 sane
1255 3486 1316 3532 et
1366 3477 1616 3532 nimium
1678 3476 1891 3534 callida

138 3568 318 3625 ratio:
372 3569 583 3644 quibus
628 3571 690 3626 in
739 3591 838 3628 ore
879 3591 1111 3647 semper
1157 3579 1247 3629 est
1287 3571 1451 3640 illud,
1495 3572 1725 3641 Saeculi,
1771 3591 1890 3629 non
