2320 4126
347 217 459 272 316
780 222 1059 287 Mundum,
1089 222 1332 293 AEsokyli
1342 223 1567 293 judicio,
1596 225 1706 295 reyi
1805 241 1973 279 PRAEL.
1996 246 2147 281 xv111.

350 368 553 427 Hasce
602 367 922 446 Nymphas
965 370 1152 448 igitur
1185 370 1366 446 jubet
1413 368 1814 429 Prometheus
1858 372 1944 430 ita
1989 381 2150 432 tran-

347 467 537 544 quillo
574 468 855 544 bonoque
886 487 1016 526 esse
1047 467 1267 536 animo,
1309 475 1380 525 ut
1410 467 1561 525 nihil
1602 475 1809 526 tamen
1857 489 1935 528 ex
1965 472 2150 548 ipsius

347 566 590 645 ingenio
635 572 898 643 sperent,
950 566 1056 625 sed
1108 566 1184 624 ad
1222 566 1416 645 ignoti
1459 565 1749 627 Numinis
1793 569 1916 627 vim
1949 571 2151 629 omnia

349 667 686 724 conferant.

711 805 763 848 οὐ
784 807 922 849 ταῦτα
942 807 1077 862 ταυτῇ
1102 806 1251 862 Μοῖρα
1271 823 1340 850 πω
1361 804 1643 864 τελέσφορος

711 879 863 935 κρᾶναι
883 877 1127 937 πέπρωται,
1148 879 1324 938 μυρίαις
1345 879 1392 924 δὲ
1412 881 1626 937 πημοναῖς

711 950 833 999 δύαις
854 970 902 996 τε
923 951 1155 1011 καμφθεὶς,
1178 952 1262 997 ὦδε
1285 952 1429 1010 δεσμὰ
1449 953 1679 1012 φυγγάνω·

710 1025 843 1084 τέχνη
867 1025 904 1070 δ’
926 1024 1115 1085 ἀνάγκης
1136 1025 1440 1085 ἀσθενέστερα
1459 1030 1634 1089 μακρῷ.

347 1143 840 1202 Animadvertite
901 1149 1110 1203 autem
1168 1164 1288 1221 qua
1337 1145 1584 1223 pietate,
1637 1163 1757 1222 qua
1812 1145 2150 1223 prudentia,

346 1243 554 1302 statim
585 1241 925 1319 subjiciant,

708 1394 775 1442 τίς
796 1394 873 1442 οὖν
891 1396 1080 1456 ἀνάγκης
1101 1396 1226 1443 ἐστὶν
1247 1398 1605 1457 οἱακοστρόφοςς

345 1537 423 1575 ne
469 1517 626 1574 forte
672 1516 1049 1593 suspicemur
1096 1515 1259 1593 loqui
1310 1516 1564 1575 Poetam
1615 1537 1737 1575 non
1784 1517 1860 1575 de
1911 1516 2150 1596 προνοίᾳ

349 1615 655 1682 NuminiS,
702 1615 807 1688 sed
853 1614 929 1671 de
975 1633 1141 1672 coeca
1184 1614 1244 1672 vi
1290 1615 1571 1692 quadam,
1614 1622 1678 1674 et
1721 1636 1933 1674 norma
1971 1616 2151 1675 rebus

345 1715 489 1792 ipsis
519 1714 716 1772 insita.
809 1712 1226 1790 Respondens-
1250 1721 1459 1773 autem
1498 1714 1902 1774 Prometheus
1944 1736 2152 1775 oracu-

345 1814 475 1872 lum
501 1813 626 1871 edit
651 1812 1074 1889 gravissimum
1099 1831 1258 1882 sane,
1284 1820 1469 1891 atque
1492 1815 1570 1873 ab
1593 1814 1823 1873 intimis
1846 1815 2151 1894 religionis

345 1913 614 1989 antiquae
644 1911 1056 1989 penetralibus
1088 1912 1380 1971 eductum
1406 1932 1419 1971 :

710 2054 875 2111 Μοῖραι
896 2053 1153 2111 τριμόρφοι,
1175 2050 1389 2111 μνήμονές
1409 2051 1447 2098 τ’
1466 2051 1675 2112 Ἐρινύες.

433 2170 681 2231 Videtis
725 2170 788 2227 id
832 2190 1024 2228 unum
1068 2170 1336 2228 maxime
1388 2171 1502 2248 agi,
1555 2177 1626 2228 ut
1677 2190 1858 2228 nemo
1891 2171 2150 2247 judicet,

346 2271 571 2348 injecta
622 2269 933 2327 mentione
981 2269 1377 2338 necessitatis,
1431 2270 1493 2326 in
1544 2276 1746 2346 partes
1798 2270 1998 2328 vocari
2046 2290 2152 2347 po-

347 2370 607 2428 tentiam
681 2369 984 2445 quandam
1060 2367 1328 2436 fatalem,
1400 2367 1554 2425 nulli
1629 2386 1828 2444 neque
1903 2369 2150 2426 nomine

347 2489 546 2546 neque
585 2486 842 2546 persona
870 2466 1200 2525 astrictam.
1296 2466 1462 2536 Quin
1493 2466 1715 2525 diserte
1750 2467 1827 2525 ab
1857 2466 2149 2544 AEschylo

348 2568 656 2636 docemur,
714 2566 843 2644 regi
902 2564 1038 2625 haec
1097 2565 1302 2623 omnia
1352 2565 1578 2642 duplici
1630 2564 1813 2623 choro
1860 2564 2147 2646 Dearum‚
2213 2612 2219 2616 .

348 2667 676 2726 Parcarum
715 2664 998 2724 videlicet
1043 2671 1108 2722 et
1154 2663 1602 2723 Eumenidum:
1650 2664 1972 2723 manifesta
2015 2685 2150 2741 pro-

346 2767 488 2824 inde
525 2785 633 2843 per
663 2764 883 2823 Parcas
923 2763 1145 2821 indicia
1182 2763 1305 2821 dari
1341 2763 1557 2821 divinae
1588 2761 1936 2831 voluntatis,
1967 2762 2148 2821 nullis

346 2885 616 2941 unquam
678 2882 878 2940 neque
936 2862 1391 2939 impedimentis
1450 2882 1648 2938 neque
1708 2861 2149 2920 mutationibus

348 2962 661 3032 obnoxiae3
700 2962 1072 3020 Eumenidas
1112 2962 1370 3022 eandem
1414 2961 1587 3019 nobis
1623 2968 1980 3030 monstrare,
2026 2980 2148 3018 non

348 3061 531 3120 modo
565 3061 827 3138 justitiae
870 3061 1298 3138 integerrimae,
1349 3079 1560 3118 verum
1603 3060 1788 3118 etiam
1835 3060 1995 3137 aequi
2043 3060 2150 3118 bo-

348 3161 531 3237 nique
561 3159 1057 3218 amantissimam.

434 3258 592 3328 Quae
643 3258 889 3334 quidem
936 3257 1324 3326 EumenideS,
1373 3257 1477 3315 ubi
1526 3257 1868 3334 disputatur
1912 3257 1987 3314 de
2034 3256 2148 3313 im-

346 3358 674 3435 proborum
718 3357 1037 3415 hominum
1082 3357 1295 3434 poeniS,
1341 3356 1565 3415 rectius
1611 3355 1901 3433 appellari
1949 3355 2147 3413 solent

349 3456 661 3533 Erinnyes.
758 3453 856 3514 Ac
909 3455 1106 3514 fateor
1163 3450 1467 3532 equidem,
1515 3475 1588 3513 eo
1640 3453 1886 3512 nomine
1931 3453 2146 3529 saepius

347 3552 507 3629 apud
539 3553 818 3629 antiquos
849 3553 1124 3630 prodire3
1177 3573 1299 3610 non
1330 3553 1512 3611 aliam
1543 3553 1622 3610 ob
1653 3570 1911 3619 causam,
1946 3550 2143 3618 cred0,

349 3670 530 3727 quam
585 3653 745 3727 quod
798 3653 862 3709 in
914 3651 1027 3710 hac
1080 3651 1216 3710 labe
1269 3659 1334 3710 et
1388 3652 1559 3710 ruina
1603 3651 1839 3728 generis
1892 3647 2143 3707 humani
