<?xml version="1.0" encoding="UTF-8"?>
<!DOCTYPE html PUBLIC "-//W3C//DTD XHTML 1.0 Transitional//EN"
    "http://www.w3.org/TR/xhtml1/DTD/xhtml1-transitional.dtd">
<html xmlns="http://www.w3.org/1999/xhtml" xml:lang="en" lang="en">
 <head>
  <title>
</title>
<meta http-equiv="Content-Type" content="text/html;charset=utf-8" />
  <meta name='ocr-system' content='tesseract 3.04.00' />
  <meta name='ocr-capabilities' content='ocr_page ocr_carea ocr_par ocr_line ocrx_word'/>
</head>
<body>
  <div class='ocr_page' id='page_1' title='image "./a588873901kebluoft_0166.png"; bbox 0 0 2320 4126; ppageno 0'>
   <div class='ocr_carea' id='block_1_1' title="bbox 339 248 2162 319">
    <p class='ocr_par' dir='ltr' id='par_1_1' title="bbox 339 248 2162 319">
     <span class='ocr_line' id='line_1_1' title="bbox 339 248 2162 319; baseline -0.004 -18"><span class='ocrx_word' id='word_1_1' title='bbox 339 248 468 302; x_wconf 76' lang='lat'>&#39;156</span> <span class='ocrx_word' id='word_1_2' title='bbox 786 251 1085 311; x_wconf 75' lang='lat' dir='ltr'><strong><em>Homerum,</em></strong></span> <span class='ocrx_word' id='word_1_3' title='bbox 1114 250 1245 302; x_wconf 74' lang='lat' dir='ltr'>sicut</span> <span class='ocrx_word' id='word_1_4' title='bbox 1270 267 1431 302; x_wconf 69' lang='lat' dir='ltr'>unum</span> <span class='ocrx_word' id='word_1_5' title='bbox 1456 265 1739 319; x_wconf 52' lang='lat' dir='ltr'>azymorum,</span> <span class='ocrx_word' id='word_1_6' title='bbox 1918 263 2075 296; x_wconf 78' lang='lat' dir='ltr'>PRAEL.</span> <span class='ocrx_word' id='word_1_7' title='bbox 2108 262 2162 295; x_wconf 88' lang='lat' dir='ltr'>x.</span> 
     </span>
    </p>
   </div>
   <div class='ocr_carea' id='block_1_2' title="bbox 595 384 1837 813">
    <p class='ocr_par' dir='ltr' id='par_1_2' title="bbox 598 384 1804 668">
     <span class='ocr_line' id='line_1_2' title="bbox 601 384 1664 444; baseline -0.004 -12"><span class='ocrx_word' id='word_1_8' title='bbox 601 388 691 432; x_wconf 87' lang='lat' dir='ltr'>Cui</span> <span class='ocrx_word' id='word_1_9' title='bbox 710 388 903 432; x_wconf 85' lang='lat' dir='ltr'>tolerare</span> <span class='ocrx_word' id='word_1_10' title='bbox 925 388 1025 431; x_wconf 94' lang='lat' dir='ltr'>colo</span> <span class='ocrx_word' id='word_1_11' title='bbox 1047 387 1189 431; x_wconf 85' lang='lat' dir='ltr'>vitam</span> <span class='ocrx_word' id='word_1_12' title='bbox 1210 385 1428 444; x_wconf 81' lang='lat' dir='ltr'>tenuique</span> <span class='ocrx_word' id='word_1_13' title='bbox 1451 384 1664 429; x_wconf 83' lang='lat' dir='ltr'>Minerva</span> 
     </span>
     <span class='ocr_line' id='line_1_3' title="bbox 601 459 1756 520; baseline -0.003 -14"><span class='ocrx_word' id='word_1_14' title='bbox 601 462 894 520; x_wconf 87' lang='lat' dir='ltr'><strong>Impositum,</strong></span> <span class='ocrx_word' id='word_1_15' title='bbox 919 461 1115 505; x_wconf 88' lang='lat' dir='ltr'>cinerem</span> <span class='ocrx_word' id='word_1_16' title='bbox 1137 466 1180 503; x_wconf 89' lang='lat' dir='ltr'>et</span> <span class='ocrx_word' id='word_1_17' title='bbox 1204 460 1376 517; x_wconf 89' lang='lat' dir='ltr'>sopitos</span> <span class='ocrx_word' id='word_1_18' title='bbox 1401 459 1590 503; x_wconf 88' lang='lat' dir='ltr'>suscitat</span> <span class='ocrx_word' id='word_1_19' title='bbox 1611 459 1756 517; x_wconf 87' lang='lat' dir='ltr'>ignes,</span> 
     </span>
     <span class='ocr_line' id='line_1_4' title="bbox 600 531 1804 592; baseline -0.003 -12"><span class='ocrx_word' id='word_1_20' title='bbox 600 536 797 580; x_wconf 85' lang='lat' dir='ltr'><strong>Noctem</strong></span> <span class='ocrx_word' id='word_1_21' title='bbox 820 534 992 578; x_wconf 87' lang='lat' dir='ltr'>addens</span> <span class='ocrx_word' id='word_1_22' title='bbox 1017 533 1158 592; x_wconf 83' lang='lat' dir='ltr'>operi,</span> <span class='ocrx_word' id='word_1_23' title='bbox 1183 540 1360 577; x_wconf 88' lang='lat' dir='ltr'>castum</span> <span class='ocrx_word' id='word_1_24' title='bbox 1382 540 1435 577; x_wconf 89' lang='lat' dir='ltr'>ut</span> <span class='ocrx_word' id='word_1_25' title='bbox 1457 548 1634 577; x_wconf 87' lang='lat' dir='ltr'>servare</span> <span class='ocrx_word' id='word_1_26' title='bbox 1655 531 1804 577; x_wconf 85' lang='lat' dir='ltr'>cubile</span> 
     </span>
     <span class='ocr_line' id='line_1_5' title="bbox 598 606 1651 668; baseline -0.004 -14"><span class='ocrx_word' id='word_1_27' title='bbox 598 609 837 668; x_wconf 87' lang='lat' dir='ltr'>Conjugis,</span> <span class='ocrx_word' id='word_1_28' title='bbox 861 615 904 652; x_wconf 88' lang='lat' dir='ltr'>et</span> <span class='ocrx_word' id='word_1_29' title='bbox 927 608 1070 665; x_wconf 86' lang='lat' dir='ltr'><strong>possit</strong></span> <span class='ocrx_word' id='word_1_30' title='bbox 1092 621 1258 665; x_wconf 89' lang='lat' dir='ltr'>parvos</span> <span class='ocrx_word' id='word_1_31' title='bbox 1281 606 1472 651; x_wconf 84' lang='lat' dir='ltr'>educere</span> <span class='ocrx_word' id='word_1_32' title='bbox 1492 613 1651 651; x_wconf 79' lang='lat' dir='ltr'>natosz</span> 
     </span>
    </p>

    <p class='ocr_par' dir='ltr' id='par_1_3' title="bbox 595 680 1837 813">
     <span class='ocr_line' id='line_1_6' title="bbox 598 680 1837 739; baseline -0.003 -11"><span class='ocrx_word' id='word_1_33' title='bbox 598 681 741 727; x_wconf 85' lang='lat' dir='ltr'>Haud</span> <span class='ocrx_word' id='word_1_34' title='bbox 763 697 894 727; x_wconf 90' lang='lat' dir='ltr'>secus</span> <span class='ocrx_word' id='word_1_35' title='bbox 920 681 1205 739; x_wconf 80' lang='lat' dir='ltr'>Ignipotens,</span> <span class='ocrx_word' id='word_1_36' title='bbox 1228 695 1311 725; x_wconf 89' lang='lat' dir='ltr'>nec</span> <span class='ocrx_word' id='word_1_37' title='bbox 1333 687 1538 738; x_wconf 88' lang='lat' dir='ltr'>tempore</span> <span class='ocrx_word' id='word_1_38' title='bbox 1556 680 1740 739; x_wconf 84' lang='lat' dir='ltr'>segnior</span> <span class='ocrx_word' id='word_1_39' title='bbox 1759 680 1837 724; x_wconf 91' lang='lat' dir='ltr'>illo</span> 
     </span>
     <span class='ocr_line' id='line_1_7' title="bbox 595 753 1663 813; baseline -0.002 -13"><span class='ocrx_word' id='word_1_40' title='bbox 595 756 818 800; x_wconf 85' lang='lat' dir='ltr'>Mollibus</span> <span class='ocrx_word' id='word_1_41' title='bbox 842 770 865 799; x_wconf 95' lang='lat' dir='ltr'>e</span> <span class='ocrx_word' id='word_1_42' title='bbox 888 755 1039 799; x_wconf 86' lang='lat' dir='ltr'>stratis</span> <span class='ocrx_word' id='word_1_43' title='bbox 1062 769 1200 813; x_wconf 84' lang='lat' dir='ltr'>opera</span> <span class='ocrx_word' id='word_1_44' title='bbox 1222 753 1280 798; x_wconf 86' lang='lat' dir='ltr'>ad</span> <span class='ocrx_word' id='word_1_45' title='bbox 1301 753 1480 798; x_wconf 86' lang='lat' dir='ltr'>fabrilia</span> <span class='ocrx_word' id='word_1_46' title='bbox 1501 753 1663 811; x_wconf 75' lang='lat' dir='ltr'>surgit.</span> 
     </span>
    </p>
   </div>
   <div class='ocr_carea' id='block_1_3' title="bbox 351 849 2159 1668">
    <p class='ocr_par' dir='ltr' id='par_1_4' title="bbox 351 849 2159 1427">
     <span class='ocr_line' id='line_1_8' title="bbox 441 849 2154 931; baseline -0.002 -20"><span class='ocrx_word' id='word_1_47' title='bbox 441 854 599 912; x_wconf 82' lang='lat' dir='ltr'>Sunt</span> <span class='ocrx_word' id='word_1_48' title='bbox 631 853 735 911; x_wconf 90' lang='lat' dir='ltr'>illa</span> <span class='ocrx_word' id='word_1_49' title='bbox 766 852 923 930; x_wconf 90' lang='lat' dir='ltr'>(quis</span> <span class='ocrx_word' id='word_1_50' title='bbox 961 860 1148 931; x_wconf 86' lang='lat' dir='ltr'>neget</span> <span class='ocrx_word' id='word_1_51' title='bbox 1169 855 1224 931; x_wconf 67' lang='grc' dir='ltr'>Ρ)</span> <span class='ocrx_word' id='word_1_52' title='bbox 1258 853 1599 910; x_wconf 78' lang='lat' dir='ltr'>Homericis</span> <span class='ocrx_word' id='word_1_53' title='bbox 1638 851 1820 930; x_wconf 89' lang='lat' dir='ltr'>longe</span> <span class='ocrx_word' id='word_1_54' title='bbox 1852 849 2154 918; x_wconf 89' lang='lat' dir='ltr'>dulciora;</span> 
     </span>
     <span class='ocr_line' id='line_1_9' title="bbox 353 950 2159 1028; baseline -0.002 -18"><span class='ocrx_word' id='word_1_55' title='bbox 353 952 535 1011; x_wconf 87' lang='lat' dir='ltr'>modo</span> <span class='ocrx_word' id='word_1_56' title='bbox 568 972 702 1009; x_wconf 90' lang='lat' dir='ltr'>eam</span> <span class='ocrx_word' id='word_1_57' title='bbox 736 951 1002 1027; x_wconf 80' lang='lat' dir='ltr'>excipias</span> <span class='ocrx_word' id='word_1_58' title='bbox 1026 953 1410 1019; x_wconf 87' lang='lat' dir='ltr'>suavitatem,</span> <span class='ocrx_word' id='word_1_59' title='bbox 1435 970 1616 1028; x_wconf 91' lang='lat' dir='ltr'>quam</span> <span class='ocrx_word' id='word_1_60' title='bbox 1639 950 1826 1009; x_wconf 91' lang='lat' dir='ltr'>habet</span> <span class='ocrx_word' id='word_1_61' title='bbox 1857 950 2159 1026; x_wconf 87' lang='lat' dir='ltr'>insperata</span> 
     </span>
     <span class='ocr_line' id='line_1_10' title="bbox 351 1048 2158 1127; baseline -0.002 -19"><span class='ocrx_word' id='word_1_62' title='bbox 351 1071 552 1109; x_wconf 85' lang='lat' dir='ltr'>rerum</span> <span class='ocrx_word' id='word_1_63' title='bbox 586 1051 882 1109; x_wconf 88' lang='lat' dir='ltr'>atrocium</span> <span class='ocrx_word' id='word_1_64' title='bbox 913 1051 1168 1127; x_wconf 79' lang='lat' dir='ltr'>requies,</span> <span class='ocrx_word' id='word_1_65' title='bbox 1243 1049 1334 1109; x_wconf 92' lang='lat' dir='ltr'>Ut</span> <span class='ocrx_word' id='word_1_66' title='bbox 1366 1051 1737 1117; x_wconf 91' lang='lat' dir='ltr'>omittamus,</span> <span class='ocrx_word' id='word_1_67' title='bbox 1769 1050 1961 1126; x_wconf 83' lang='lat' dir='ltr'>ipsam</span> <span class='ocrx_word' id='word_1_68' title='bbox 1991 1048 2158 1105; x_wconf 90' lang='lat' dir='ltr'>illam</span> 
     </span>
     <span class='ocr_line' id='line_1_11' title="bbox 353 1148 2157 1227; baseline -0.001 -20"><span class='ocrx_word' id='word_1_69' title='bbox 353 1151 427 1208; x_wconf 86' lang='lat' dir='ltr'>de</span> <span class='ocrx_word' id='word_1_70' title='bbox 474 1150 743 1227; x_wconf 85' lang='lat' dir='ltr'>operaria</span> <span class='ocrx_word' id='word_1_71' title='bbox 782 1149 1038 1208; x_wconf 91' lang='lat' dir='ltr'>muliere</span> <span class='ocrx_word' id='word_1_72' title='bbox 1070 1151 1238 1226; x_wconf 81' lang='lat' dir='ltr'>quasi</span> <span class='ocrx_word' id='word_1_73' title='bbox 1271 1149 1556 1208; x_wconf 82' lang='lat' dir='ltr'>fabellam</span> <span class='ocrx_word' id='word_1_74' title='bbox 1603 1150 1679 1208; x_wconf 91' lang='lat' dir='ltr'>ab</span> <span class='ocrx_word' id='word_1_75' title='bbox 1713 1148 1904 1206; x_wconf 89' lang='lat' dir='ltr'>Iliade</span> <span class='ocrx_word' id='word_1_76' title='bbox 1940 1155 2157 1205; x_wconf 90' lang='lat' dir='ltr'>mutuo</span> 
     </span>
     <span class='ocr_line' id='line_1_12' title="bbox 351 1248 2158 1327; baseline -0.002 -20"><span class='ocrx_word' id='word_1_77' title='bbox 351 1269 481 1308; x_wconf 88' lang='lat' dir='ltr'>esse</span> <span class='ocrx_word' id='word_1_78' title='bbox 506 1257 831 1327; x_wconf 79' lang='lat' dir='ltr'>sumptam.</span> <span class='ocrx_word' id='word_1_79' title='bbox 897 1248 1211 1309; x_wconf 78' lang='lat' dir='ltr'>Videlicet</span> <span class='ocrx_word' id='word_1_80' title='bbox 1242 1249 1501 1326; x_wconf 87' lang='lat' dir='ltr'>Trojani,</span> <span class='ocrx_word' id='word_1_81' title='bbox 1528 1248 1736 1306; x_wconf 87' lang='lat' dir='ltr'>Marte</span> <span class='ocrx_word' id='word_1_82' title='bbox 1767 1254 2021 1325; x_wconf 69' lang='lat' dir='ltr'>aequam,</span> <span class='ocrx_word' id='word_1_83' title='bbox 2054 1248 2158 1304; x_wconf 90' lang='lat' dir='ltr'>diu</span> 
     </span>
     <span class='ocr_line' id='line_1_13' title="bbox 351 1346 1897 1427; baseline 0 -22"><span class='ocrx_word' id='word_1_84' title='bbox 351 1356 625 1427; x_wconf 87' lang='lat' dir='ltr'>pugnant</span> <span class='ocrx_word' id='word_1_85' title='bbox 655 1350 717 1406; x_wconf 91' lang='lat' dir='ltr'>in</span> <span class='ocrx_word' id='word_1_86' title='bbox 749 1348 878 1425; x_wconf 90' lang='lat' dir='ltr'>ipso</span> <span class='ocrx_word' id='word_1_87' title='bbox 911 1368 1131 1426; x_wconf 84' lang='lat' dir='ltr'>aggere</span> <span class='ocrx_word' id='word_1_88' title='bbox 1165 1355 1228 1406; x_wconf 90' lang='lat' dir='ltr'>et</span> <span class='ocrx_word' id='word_1_89' title='bbox 1260 1349 1418 1406; x_wconf 85' lang='lat' dir='ltr'>fossa</span> <span class='ocrx_word' id='word_1_90' title='bbox 1449 1346 1897 1406; x_wconf 68' lang='lat' dir='ltr'>Achivorumaz</span> 
     </span>
    </p>

    <p class='ocr_par' dir='ltr' id='par_1_5' title="bbox 591 1457 1749 1668">
     <span class='ocr_line' id='line_1_14' title="bbox 596 1457 1722 1519; baseline 0.001 -15"><span class='ocrx_word' id='word_1_91' title='bbox 596 1457 697 1504; x_wconf 83' lang='grc' dir='ltr'>ἀλλ’</span> <span class='ocrx_word' id='word_1_92' title='bbox 722 1458 808 1505; x_wconf 80' lang='grc' dir='ltr'>οὐδ’</span> <span class='ocrx_word' id='word_1_93' title='bbox 833 1461 891 1507; x_wconf 82' lang='grc' dir='ltr'>ὣς</span> <span class='ocrx_word' id='word_1_94' title='bbox 912 1458 1118 1505; x_wconf 79' lang='grc' dir='ltr'>ἐδύναντο</span> <span class='ocrx_word' id='word_1_95' title='bbox 1141 1461 1291 1519; x_wconf 83' lang='grc' dir='ltr'>φόβον</span> <span class='ocrx_word' id='word_1_96' title='bbox 1312 1462 1496 1517; x_wconf 85' lang='grc' dir='ltr'>ποιῆσαι</span> <span class='ocrx_word' id='word_1_97' title='bbox 1515 1458 1722 1518; x_wconf 83' lang='grc' dir='ltr'>Ἀχαιῶν·</span> 
     </span>
     <span class='ocr_line' id='line_1_15' title="bbox 591 1533 1749 1594; baseline 0.002 -16"><span class='ocrx_word' id='word_1_98' title='bbox 591 1533 693 1579; x_wconf 84' lang='grc' dir='ltr'>ἀλλ’</span> <span class='ocrx_word' id='word_1_99' title='bbox 717 1535 835 1593; x_wconf 79' lang='grc' dir='ltr'>ἕχον,</span> <span class='ocrx_word' id='word_1_100' title='bbox 859 1535 978 1579; x_wconf 80' lang='grc' dir='ltr'>ὥστε</span> <span class='ocrx_word' id='word_1_101' title='bbox 999 1535 1195 1579; x_wconf 86' lang='grc' dir='ltr'>τάλαντα</span> <span class='ocrx_word' id='word_1_102' title='bbox 1215 1534 1323 1594; x_wconf 87' lang='grc' dir='ltr'>γυνὴ</span> <span class='ocrx_word' id='word_1_103' title='bbox 1345 1536 1549 1594; x_wconf 81' lang='grc' dir='ltr'>χερνῆτις</span> <span class='ocrx_word' id='word_1_104' title='bbox 1569 1533 1749 1591; x_wconf 77' lang='grc' dir='ltr'>ἀληθὴς,</span> 
     </span>
     <span class='ocr_line' id='line_1_16' title="bbox 592 1607 1727 1668; baseline 0.001 -16"><span class='ocrx_word' id='word_1_105' title='bbox 592 1608 622 1665; x_wconf 84' lang='grc' dir='ltr'>ἥ</span> <span class='ocrx_word' id='word_1_106' title='bbox 641 1626 689 1652; x_wconf 82' lang='grc' dir='ltr'>τε</span> <span class='ocrx_word' id='word_1_107' title='bbox 712 1608 912 1666; x_wconf 85' lang='grc' dir='ltr'>σταθμὸν</span> <span class='ocrx_word' id='word_1_108' title='bbox 933 1609 1104 1667; x_wconf 80' lang='grc' dir='ltr'>ἔχουσα</span> <span class='ocrx_word' id='word_1_109' title='bbox 1126 1609 1196 1653; x_wconf 86' lang='grc' dir='ltr'>καὶ</span> <span class='ocrx_word' id='word_1_110' title='bbox 1218 1607 1368 1667; x_wconf 82' lang='grc' dir='ltr'>εἴριον,</span> <span class='ocrx_word' id='word_1_111' title='bbox 1391 1608 1532 1668; x_wconf 83' lang='grc' dir='ltr'>ἀμφὶς</span> <span class='ocrx_word' id='word_1_112' title='bbox 1552 1608 1727 1654; x_wconf 81' lang='grc' dir='ltr'>ἀνέλκει</span> 
     </span>
    </p>
   </div>
   <div class='ocr_carea' id='block_1_4' title="bbox 592 1681 1700 1816">
    <p class='ocr_par' dir='ltr' id='par_1_6' title="bbox 592 1681 1700 1816">
     <span class='ocr_line' id='line_1_17' title="bbox 593 1681 1628 1742; baseline 0.002 -16"><span class='ocrx_word' id='word_1_113' title='bbox 593 1682 813 1738; x_wconf 82' lang='grc' dir='ltr'>ἷσάζουσ·’,</span> <span class='ocrx_word' id='word_1_114' title='bbox 836 1681 906 1727; x_wconf 81' lang='grc' dir='ltr'>ἵνα</span> <span class='ocrx_word' id='word_1_115' title='bbox 926 1681 1082 1728; x_wconf 72' lang='grc' dir='ltr'>παισὶν</span> <span class='ocrx_word' id='word_1_116' title='bbox 1102 1682 1249 1727; x_wconf 82' lang='grc' dir='ltr'>ἀεικέα</span> <span class='ocrx_word' id='word_1_117' title='bbox 1269 1684 1436 1741; x_wconf 86' lang='grc' dir='ltr'>μισθὸν</span> <span class='ocrx_word' id='word_1_118' title='bbox 1456 1683 1628 1742; x_wconf 77' lang='grc' dir='ltr'>ἄρηται·</span> 
     </span>
     <span class='ocr_line' id='line_1_18' title="bbox 592 1755 1700 1816; baseline 0.001 -15"><span class='ocrx_word' id='word_1_119' title='bbox 592 1757 650 1803; x_wconf 81' lang='grc' dir='ltr'>ὣς</span> <span class='ocrx_word' id='word_1_120' title='bbox 669 1757 750 1814; x_wconf 83' lang='grc' dir='ltr'>μὲν</span> <span class='ocrx_word' id='word_1_121' title='bbox 771 1761 857 1802; x_wconf 85' lang='grc' dir='ltr'>τῶν</span> <span class='ocrx_word' id='word_1_122' title='bbox 880 1757 952 1802; x_wconf 82' lang='grc' dir='ltr'>ἐπὶ</span> <span class='ocrx_word' id='word_1_123' title='bbox 974 1755 1052 1803; x_wconf 79' lang='grc' dir='ltr'>ἶσα</span> <span class='ocrx_word' id='word_1_124' title='bbox 1072 1757 1192 1816; x_wconf 87' lang='grc' dir='ltr'>μαχὴ</span> <span class='ocrx_word' id='word_1_125' title='bbox 1215 1757 1371 1803; x_wconf 87' lang='grc' dir='ltr'>τέτατο</span> <span class='ocrx_word' id='word_1_126' title='bbox 1393 1759 1616 1816; x_wconf 81' lang='grc' dir='ltr'>πτόλεμός</span> <span class='ocrx_word' id='word_1_127' title='bbox 1636 1777 1700 1803; x_wconf 81' lang='grc' dir='ltr'>τε.</span> 
     </span>
    </p>
   </div>
   <div class='ocr_carea' id='block_1_5' title="bbox 345 1857 2155 2433">
    <p class='ocr_par' dir='ltr' id='par_1_7' title="bbox 345 1857 2155 2433">
     <span class='ocr_line' id='line_1_19' title="bbox 350 1857 2152 1936; baseline 0 -21"><span class='ocrx_word' id='word_1_128' title='bbox 350 1857 631 1915; x_wconf 81' lang='lat' dir='ltr'>Fortasse</span> <span class='ocrx_word' id='word_1_129' title='bbox 675 1876 798 1914; x_wconf 93' lang='lat' dir='ltr'>non</span> <span class='ocrx_word' id='word_1_130' title='bbox 830 1863 957 1914; x_wconf 88' lang='lat' dir='ltr'>tam</span> <span class='ocrx_word' id='word_1_131' title='bbox 1001 1857 1411 1916; x_wconf 87' lang='lat' dir='ltr'>similitudinis</span> <span class='ocrx_word' id='word_1_132' title='bbox 1443 1878 1620 1934; x_wconf 90' lang='lat' dir='ltr'>quam</span> <span class='ocrx_word' id='word_1_133' title='bbox 1668 1857 1763 1931; x_wconf 93' lang='lat' dir='ltr'>(ut</span> <span class='ocrx_word' id='word_1_134' title='bbox 1799 1858 1887 1915; x_wconf 88' lang='lat' dir='ltr'>ita</span> <span class='ocrx_word' id='word_1_135' title='bbox 1929 1858 2152 1936; x_wconf 85' lang='lat' dir='ltr'>dicam)</span> 
     </span>
     <span class='ocr_line' id='line_1_20' title="bbox 347 1957 2155 2035; baseline 0 -20"><span class='ocrx_word' id='word_1_136' title='bbox 347 1957 547 2015; x_wconf 91' lang='lat' dir='ltr'>solatii</span> <span class='ocrx_word' id='word_1_137' title='bbox 594 1975 775 2014; x_wconf 90' lang='lat' dir='ltr'>causa</span> <span class='ocrx_word' id='word_1_138' title='bbox 819 1964 1141 2015; x_wconf 89' lang='lat' dir='ltr'>narrantur</span> <span class='ocrx_word' id='word_1_139' title='bbox 1181 1977 1253 2016; x_wconf 90' lang='lat' dir='ltr'>ea</span> <span class='ocrx_word' id='word_1_140' title='bbox 1282 1957 1391 2016; x_wconf 92' lang='lat' dir='ltr'>tali</span> <span class='ocrx_word' id='word_1_141' title='bbox 1423 1964 1733 2035; x_wconf 86' lang='lat' dir='ltr'>tempore:</span> <span class='ocrx_word' id='word_1_142' title='bbox 1782 1959 1952 2035; x_wconf 90' lang='lat' dir='ltr'>cujus</span> <span class='ocrx_word' id='word_1_143' title='bbox 1983 1958 2155 2015; x_wconf 76' lang='grc' dir='ltr'>εὐκαι-</span> 
     </span>
     <span class='ocr_line' id='line_1_21' title="bbox 345 2055 2152 2135; baseline 0.002 -23"><span class='ocrx_word' id='word_1_144' title='bbox 345 2055 468 2135; x_wconf 82' lang='grc' dir='ltr'>ρίας</span> <span class='ocrx_word' id='word_1_145' title='bbox 519 2056 722 2113; x_wconf 91' lang='lat' dir='ltr'>nescio</span> <span class='ocrx_word' id='word_1_146' title='bbox 771 2056 1053 2132; x_wconf 88' lang='lat' dir='ltr'>equidem</span> <span class='ocrx_word' id='word_1_147' title='bbox 1100 2076 1177 2114; x_wconf 91' lang='lat' dir='ltr'>an</span> <span class='ocrx_word' id='word_1_148' title='bbox 1230 2064 1403 2115; x_wconf 88' lang='lat' dir='ltr'>tanta</span> <span class='ocrx_word' id='word_1_149' title='bbox 1455 2058 1544 2115; x_wconf 88' lang='lat' dir='ltr'>vis</span> <span class='ocrx_word' id='word_1_150' title='bbox 1596 2057 1692 2126; x_wconf 88' lang='lat' dir='ltr'>sit,</span> <span class='ocrx_word' id='word_1_151' title='bbox 1746 2064 1815 2115; x_wconf 91' lang='lat' dir='ltr'>ut</span> <span class='ocrx_word' id='word_1_152' title='bbox 1862 2077 1971 2134; x_wconf 91' lang='lat' dir='ltr'>per</span> <span class='ocrx_word' id='word_1_153' title='bbox 2018 2076 2152 2115; x_wconf 90' lang='lat' dir='ltr'>eam</span> 
     </span>
     <span class='ocr_line' id='line_1_22' title="bbox 347 2155 2153 2235; baseline 0 -22"><span class='ocrx_word' id='word_1_154' title='bbox 347 2155 540 2213; x_wconf 87' lang='lat' dir='ltr'>solam</span> <span class='ocrx_word' id='word_1_155' title='bbox 588 2156 905 2232; x_wconf 84' lang='lat' dir='ltr'>capiantur</span> <span class='ocrx_word' id='word_1_156' title='bbox 948 2157 1134 2214; x_wconf 90' lang='lat' dir='ltr'>animi</span> <span class='ocrx_word' id='word_1_157' title='bbox 1179 2158 1387 2235; x_wconf 86' lang='lat' dir='ltr'>magis,</span> <span class='ocrx_word' id='word_1_158' title='bbox 1425 2157 1738 2215; x_wconf 89' lang='lat' dir='ltr'>incondito</span> <span class='ocrx_word' id='word_1_159' title='bbox 1770 2157 2044 2233; x_wconf 86' lang='lat' dir='ltr'>quamvis</span> <span class='ocrx_word' id='word_1_160' title='bbox 2089 2164 2153 2213; x_wconf 90' lang='lat' dir='ltr'>et</span> 
     </span>
     <span class='ocr_line' id='line_1_23' title="bbox 353 2253 2153 2333; baseline 0.001 -21"><span class='ocrx_word' id='word_1_161' title='bbox 353 2257 551 2332; x_wconf 86' lang='lat' dir='ltr'>(paene</span> <span class='ocrx_word' id='word_1_162' title='bbox 584 2253 808 2331; x_wconf 87' lang='lat' dir='ltr'>dicam)</span> <span class='ocrx_word' id='word_1_163' title='bbox 849 2275 1062 2333; x_wconf 89' lang='lat' dir='ltr'>aspero</span> <span class='ocrx_word' id='word_1_164' title='bbox 1095 2276 1389 2325; x_wconf 83' lang='lat' dir='ltr'>sermone,</span> <span class='ocrx_word' id='word_1_165' title='bbox 1423 2276 1605 2333; x_wconf 92' lang='lat' dir='ltr'>quam</span> <span class='ocrx_word' id='word_1_166' title='bbox 1636 2256 1991 2316; x_wconf 90' lang='lat' dir='ltr'>mollissima</span> <span class='ocrx_word' id='word_1_167' title='bbox 2010 2255 2153 2316; x_wconf 90' lang='lat' dir='ltr'>Vir-</span> 
     </span>
     <span class='ocr_line' id='line_1_24' title="bbox 346 2355 767 2433; baseline 0.002 -21"><span class='ocrx_word' id='word_1_168' title='bbox 346 2355 476 2433; x_wconf 86' lang='lat' dir='ltr'>gilii</span> <span class='ocrx_word' id='word_1_169' title='bbox 508 2355 767 2432; x_wconf 88' lang='lat' dir='ltr'>pictura.</span> 
     </span>
    </p>
   </div>
   <div class='ocr_carea' id='block_1_6' title="bbox 343 2550 2151 3125">
    <p class='ocr_par' dir='ltr' id='par_1_8' title="bbox 343 2550 2151 3125">
     <span class='ocr_line' id='line_1_25' title="bbox 436 2550 2151 2632; baseline 0.002 -24"><span class='ocrx_word' id='word_1_170' title='bbox 436 2550 641 2620; x_wconf 87' lang='lat' dir='ltr'>Nunc‚</span> <span class='ocrx_word' id='word_1_171' title='bbox 696 2551 922 2628; x_wconf 88' lang='lat' dir='ltr'>injecta</span> <span class='ocrx_word' id='word_1_172' title='bbox 981 2552 1291 2610; x_wconf 88' lang='lat' dir='ltr'>mentione</span> <span class='ocrx_word' id='word_1_173' title='bbox 1343 2552 1604 2631; x_wconf 88' lang='lat' dir='ltr'>Virgilii,</span> <span class='ocrx_word' id='word_1_174' title='bbox 1659 2559 1910 2632; x_wconf 89' lang='lat' dir='ltr'>tangere</span> <span class='ocrx_word' id='word_1_175' title='bbox 1969 2553 2151 2612; x_wconf 89' lang='lat' dir='ltr'>liceat</span> 
     </span>
     <span class='ocr_line' id='line_1_26' title="bbox 345 2650 2151 2729; baseline 0.002 -22"><span class='ocrx_word' id='word_1_176' title='bbox 345 2651 650 2726; x_wconf 87' lang='lat' dir='ltr'>quandam</span> <span class='ocrx_word' id='word_1_177' title='bbox 681 2669 803 2708; x_wconf 91' lang='lat' dir='ltr'>non</span> <span class='ocrx_word' id='word_1_178' title='bbox 835 2650 1055 2723; x_wconf 81' lang='lat' dir='ltr'>levem,</span> <span class='ocrx_word' id='word_1_179' title='bbox 1088 2672 1270 2728; x_wconf 89' lang='lat' dir='ltr'>quam</span> <span class='ocrx_word' id='word_1_180' title='bbox 1302 2653 1451 2710; x_wconf 90' lang='lat' dir='ltr'>mihi</span> <span class='ocrx_word' id='word_1_181' title='bbox 1488 2660 1654 2711; x_wconf 88' lang='lat' dir='ltr'>certe</span> <span class='ocrx_word' id='word_1_182' title='bbox 1686 2651 2151 2729; x_wconf 86' lang='lat' dir='ltr'>deprehendisse</span> 
     </span>
     <span class='ocr_line' id='line_1_27' title="bbox 345 2750 2148 2827; baseline 0.001 -19"><span class='ocrx_word' id='word_1_183' title='bbox 345 2751 568 2819; x_wconf 86' lang='lat' dir='ltr'>videor,</span> <span class='ocrx_word' id='word_1_184' title='bbox 601 2750 731 2827; x_wconf 89' lang='lat' dir='ltr'>ejus</span> <span class='ocrx_word' id='word_1_185' title='bbox 762 2757 825 2809; x_wconf 93' lang='lat' dir='ltr'>et</span> <span class='ocrx_word' id='word_1_186' title='bbox 858 2750 1116 2809; x_wconf 89' lang='lat' dir='ltr'>Homeri</span> <span class='ocrx_word' id='word_1_187' title='bbox 1149 2750 1719 2810; x_wconf 88' lang='lat' dir='ltr'>dissimilitudinem.</span> <span class='ocrx_word' id='word_1_188' title='bbox 1781 2750 1936 2810; x_wconf 89' lang='lat' dir='ltr'>Dico</span> <span class='ocrx_word' id='word_1_189' title='bbox 1968 2753 2148 2822; x_wconf 90' lang='lat' dir='ltr'>enim,</span> 
     </span>
     <span class='ocr_line' id='line_1_28' title="bbox 343 2849 2148 2927; baseline 0.001 -19"><span class='ocrx_word' id='word_1_190' title='bbox 343 2869 483 2908; x_wconf 90' lang='lat' dir='ltr'>cum</span> <span class='ocrx_word' id='word_1_191' title='bbox 517 2850 592 2906; x_wconf 92' lang='lat' dir='ltr'>de</span> <span class='ocrx_word' id='word_1_192' title='bbox 625 2850 884 2908; x_wconf 86' lang='lat' dir='ltr'>fortunis</span> <span class='ocrx_word' id='word_1_193' title='bbox 913 2849 1230 2907; x_wconf 90' lang='lat' dir='ltr'>hominum</span> <span class='ocrx_word' id='word_1_194' title='bbox 1255 2850 1326 2908; x_wconf 92' lang='lat' dir='ltr'>fit</span> <span class='ocrx_word' id='word_1_195' title='bbox 1357 2850 1624 2927; x_wconf 83' lang='lat' dir='ltr'>quaestiO,</span> <span class='ocrx_word' id='word_1_196' title='bbox 1651 2851 1846 2926; x_wconf 90' lang='lat' dir='ltr'>deque</span> <span class='ocrx_word' id='word_1_197' title='bbox 1868 2851 2148 2909; x_wconf 87' lang='lat' dir='ltr'>universo</span> 
     </span>
     <span class='ocr_line' id='line_1_29' title="bbox 344 2947 2147 3026; baseline 0.002 -22"><span class='ocrx_word' id='word_1_198' title='bbox 344 2949 483 3006; x_wconf 81' lang='lat' dir='ltr'>vitae</span> <span class='ocrx_word' id='word_1_199' title='bbox 537 2954 717 3016; x_wconf 87' lang='lat' dir='ltr'>statu,</span> <span class='ocrx_word' id='word_1_200' title='bbox 769 2947 1114 3005; x_wconf 89' lang='lat' dir='ltr'>Homerum</span> <span class='ocrx_word' id='word_1_201' title='bbox 1163 2968 1282 3024; x_wconf 92' lang='lat' dir='ltr'>quo</span> <span class='ocrx_word' id='word_1_202' title='bbox 1341 2968 1509 3007; x_wconf 92' lang='lat' dir='ltr'>more</span> <span class='ocrx_word' id='word_1_203' title='bbox 1569 2948 1765 3007; x_wconf 86' lang='lat' dir='ltr'>solent</span> <span class='ocrx_word' id='word_1_204' title='bbox 1824 2949 2032 3026; x_wconf 91' lang='lat' dir='ltr'>inopes</span> <span class='ocrx_word' id='word_1_205' title='bbox 2085 2949 2147 3007; x_wconf 87' lang='lat' dir='ltr'>in</span> 
     </span>
     <span class='ocr_line' id='line_1_30' title="bbox 345 3044 2148 3125; baseline 0.001 -22"><span class='ocrx_word' id='word_1_206' title='bbox 345 3045 571 3103; x_wconf 89' lang='lat' dir='ltr'>divitiis</span> <span class='ocrx_word' id='word_1_207' title='bbox 616 3044 1099 3123; x_wconf 87' lang='lat' dir='ltr'>contemplandis</span> <span class='ocrx_word' id='word_1_208' title='bbox 1137 3047 1373 3116; x_wconf 84' lang='lat' dir='ltr'>versari,</span> <span class='ocrx_word' id='word_1_209' title='bbox 1406 3048 1574 3124; x_wconf 91' lang='lat' dir='ltr'>quasi</span> <span class='ocrx_word' id='word_1_210' title='bbox 1612 3048 1874 3124; x_wconf 88' lang='lat' dir='ltr'>quodam</span> <span class='ocrx_word' id='word_1_211' title='bbox 1913 3046 2148 3125; x_wconf 89' lang='lat' dir='ltr'>fulgore</span> 
     </span>
    </p>
   </div>
   <div class='ocr_carea' id='block_1_7' title="bbox 337 3138 2146 3322">
    <p class='ocr_par' dir='ltr' id='par_1_9' title="bbox 337 3138 2146 3322">
     <span class='ocr_line' id='line_1_31' title="bbox 337 3138 748 3222; baseline 0 -20"><span class='ocrx_word' id='word_1_212' title='bbox 337 3138 748 3222; x_wconf 73' lang='lat' dir='ltr'>vpraestrictum</span> 
     </span>
     <span class='ocr_line' id='line_1_32' title="bbox 431 3243 2146 3322; baseline 0.002 -21"><span class='ocrx_word' id='word_1_213' title='bbox 431 3244 751 3302; x_wconf 90' lang='lat' dir='ltr'>Interdum</span> <span class='ocrx_word' id='word_1_214' title='bbox 782 3243 1014 3302; x_wconf 88' lang='lat' dir='ltr'>multus</span> <span class='ocrx_word' id='word_1_215' title='bbox 1046 3251 1139 3302; x_wconf 91' lang='lat' dir='ltr'>est</span> <span class='ocrx_word' id='word_1_216' title='bbox 1185 3251 1248 3302; x_wconf 90' lang='lat' dir='ltr'>et</span> <span class='ocrx_word' id='word_1_217' title='bbox 1290 3243 1547 3322; x_wconf 89' lang='lat' dir='ltr'>diligens</span> <span class='ocrx_word' id='word_1_218' title='bbox 1591 3245 1655 3301; x_wconf 94' lang='lat' dir='ltr'>in</span> <span class='ocrx_word' id='word_1_219' title='bbox 1695 3245 1905 3322; x_wconf 90' lang='lat' dir='ltr'>pretiis</span> <span class='ocrx_word' id='word_1_220' title='bbox 1945 3265 2146 3304; x_wconf 89' lang='lat' dir='ltr'>rerum</span> 
     </span>
    </p>
   </div>
   <div class='ocr_carea' id='block_1_8' title="bbox 343 3343 1808 3420">
    <p class='ocr_par' dir='ltr' id='par_1_10' title="bbox 343 3343 1808 3420">
     <span class='ocr_line' id='line_1_33' title="bbox 343 3343 1808 3420; baseline 0.001 -19"><span class='ocrx_word' id='word_1_221' title='bbox 343 3343 670 3416; x_wconf 88' lang='lat' dir='ltr'>venalium,</span> <span class='ocrx_word' id='word_1_222' title='bbox 702 3363 985 3402; x_wconf 89' lang='lat' dir='ltr'>enarrans</span> <span class='ocrx_word' id='word_1_223' title='bbox 1017 3343 1226 3420; x_wconf 92' lang='lat' dir='ltr'>quanti</span> <span class='ocrx_word' id='word_1_224' title='bbox 1258 3343 1403 3420; x_wconf 92' lang='lat' dir='ltr'>quid</span> <span class='ocrx_word' id='word_1_225' title='bbox 1435 3344 1808 3403; x_wconf 86' lang='lat' dir='ltr'>constiterit:</span> 
     </span>
    </p>
   </div>
   <div class='ocr_carea' id='block_1_9' title="bbox 589 3460 1576 3519">
    <p class='ocr_par' dir='ltr' id='par_1_11' title="bbox 589 3460 1576 3519">
     <span class='ocr_line' id='line_1_34' title="bbox 589 3460 1576 3519; baseline 0.004 -16"><span class='ocrx_word' id='word_1_226' title='bbox 589 3493 992 3506; x_wconf 87' lang='lat'>..............</span> <span class='ocrx_word' id='word_1_227' title='bbox 1010 3460 1261 3519; x_wconf 82' lang='grc' dir='ltr'>ἑκατόμβοι’</span> <span class='ocrx_word' id='word_1_228' title='bbox 1286 3460 1547 3516; x_wconf 83' lang='grc' dir='ltr'>ἐννεαβοίων</span> <span class='ocrx_word' id='word_1_229' title='bbox 1566 3479 1576 3506; x_wconf 75' lang='lat'>2</span> 
     </span>
    </p>
   </div>
   <div class='ocr_carea' id='block_1_10' title="bbox 340 3558 2141 3638">
    <p class='ocr_par' dir='ltr' id='par_1_12' title="bbox 340 3558 2141 3638">
     <span class='ocr_line' id='line_1_35' title="bbox 340 3558 2141 3638; baseline 0.001 -22"><span class='ocrx_word' id='word_1_230' title='bbox 340 3559 524 3635; x_wconf 85' lang='lat' dir='ltr'>idque</span> <span class='ocrx_word' id='word_1_231' title='bbox 574 3578 696 3616; x_wconf 91' lang='lat' dir='ltr'>non</span> <span class='ocrx_word' id='word_1_232' title='bbox 749 3558 944 3616; x_wconf 91' lang='lat' dir='ltr'>solum</span> <span class='ocrx_word' id='word_1_233' title='bbox 975 3560 1240 3637; x_wconf 88' lang='lat' dir='ltr'>quando</span> <span class='ocrx_word' id='word_1_234' title='bbox 1301 3580 1373 3618; x_wconf 87' lang='lat' dir='ltr'>ea</span> <span class='ocrx_word' id='word_1_235' title='bbox 1425 3567 1721 3638; x_wconf 69' lang='lat' dir='ltr'>tanquam,</span> <span class='ocrx_word' id='word_1_236' title='bbox 1775 3561 2141 3621; x_wconf 86' lang='lat' dir='ltr'>athletarum</span> 
     </span>
    </p>
   </div>
   <div class='ocr_carea' id='block_1_11' title="bbox 1069 3684 1469 3742">
    <p class='ocr_par' dir='ltr' id='par_1_13' title="bbox 1069 3684 1469 3742">
     <span class='ocr_line' id='line_1_36' title="bbox 1069 3684 1469 3742; baseline 0.008 -14"><span class='ocrx_word' id='word_1_237' title='bbox 1069 3691 1086 3709; x_wconf 75' lang='lat'>⁵</span> <span class='ocrx_word' id='word_1_238' title='bbox 1120 3684 1174 3729; x_wconf 94' lang='lat' dir='ltr'>Il.</span> <span class='ocrx_word' id='word_1_239' title='bbox 1198 3685 1274 3730; x_wconf 83' lang='lat' dir='ltr'>xii.</span> <span class='ocrx_word' id='word_1_240' title='bbox 1299 3700 1402 3742; x_wconf 80' lang='lat'>452.</span> <span class='ocrx_word' id='word_1_241' title='bbox 1466 3716 1469 3718; x_wconf 94' lang='lat'>-</span> 
     </span>
    </p>
   </div>
  </div>
 </body>
</html>
