<?xml version="1.0" encoding="UTF-8"?>
<!DOCTYPE html PUBLIC "-//W3C//DTD XHTML 1.0 Transitional//EN"
    "http://www.w3.org/TR/xhtml1/DTD/xhtml1-transitional.dtd">
<html xmlns="http://www.w3.org/1999/xhtml" xml:lang="en" lang="en">
 <head>
  <title>
</title>
<meta http-equiv="Content-Type" content="text/html;charset=utf-8" />
  <meta name='ocr-system' content='tesseract 3.04.00' />
  <meta name='ocr-capabilities' content='ocr_page ocr_carea ocr_par ocr_line ocrx_word'/>
</head>
<body>
  <div class='ocr_page' id='page_1' title='image "./a588873901kebluoft_0239.png"; bbox 0 0 2320 4126; ppageno 0'>
   <div class='ocr_carea' id='block_1_1' title="bbox 179 223 1927 296">
    <p class='ocr_par' dir='ltr' id='par_1_1' title="bbox 179 223 1927 296">
     <span class='ocr_line' id='line_1_1' title="bbox 179 223 1927 296; baseline -0.005 -15"><span class='ocrx_word' id='word_1_1' title='bbox 179 249 333 281; x_wconf 80' lang='lat' dir='ltr'><strong>PRAEL.</strong></span> <span class='ocrx_word' id='word_1_2' title='bbox 356 247 464 280; x_wconf 78' lang='lat' dir='ltr'>xw.</span> <span class='ocrx_word' id='word_1_3' title='bbox 541 243 848 296; x_wconf 73' lang='lat' dir='ltr'>pauperum,</span> <span class='ocrx_word' id='word_1_4' title='bbox 877 226 1026 277; x_wconf 74' lang='lat' dir='ltr'>immo</span> <span class='ocrx_word' id='word_1_5' title='bbox 1050 243 1303 276; x_wconf 69' lang='lat' dir='ltr'>servorum</span> <span class='ocrx_word' id='word_1_6' title='bbox 1328 224 1539 275; x_wconf 73' lang='lat' dir='ltr'>animos,</span> <span class='ocrx_word' id='word_1_7' title='bbox 1819 223 1927 278; x_wconf 70' lang='lat'>229</span> 
     </span>
    </p>
   </div>
   <div class='ocr_carea' id='block_1_2' title="bbox 176 363 1998 2151">
    <p class='ocr_par' dir='ltr' id='par_1_2' title="bbox 176 363 1998 1484">
     <span class='ocr_line' id='line_1_2' title="bbox 177 363 1998 441; baseline -0.004 -16"><span class='ocrx_word' id='word_1_8' title='bbox 177 377 358 427; x_wconf 87' lang='lat' dir='ltr'>stare:</span> <span class='ocrx_word' id='word_1_9' title='bbox 404 368 580 423; x_wconf 89' lang='lat' dir='ltr'>verbo</span> <span class='ocrx_word' id='word_1_10' title='bbox 626 367 833 433; x_wconf 88' lang='lat' dir='ltr'>dicam,</span> <span class='ocrx_word' id='word_1_11' title='bbox 865 363 1072 421; x_wconf 88' lang='lat' dir='ltr'>famuli</span> <span class='ocrx_word' id='word_1_12' title='bbox 1116 371 1312 438; x_wconf 86' lang='lat' dir='ltr'>partes</span> <span class='ocrx_word' id='word_1_13' title='bbox 1355 370 1629 420; x_wconf 88' lang='lat' dir='ltr'>accurate</span> <span class='ocrx_word' id='word_1_14' title='bbox 1672 364 1820 419; x_wconf 88' lang='lat' dir='ltr'>adeo</span> <span class='ocrx_word' id='word_1_15' title='bbox 1865 370 1927 419; x_wconf 85' lang='lat' dir='ltr'>et</span> <span class='ocrx_word' id='word_1_16' title='bbox 1995 439 1998 441; x_wconf 11' lang='grc' dir='ltr'><strong>Δ</strong></span> 
     </span>
     <span class='ocr_line' id='line_1_3' title="bbox 177 458 1926 534; baseline -0.003 -14"><span class='ocrx_word' id='word_1_17' title='bbox 177 463 428 520; x_wconf 87' lang='lat' dir='ltr'>officiose</span> <span class='ocrx_word' id='word_1_18' title='bbox 457 464 628 529; x_wconf 83' lang='lat' dir='ltr'>tueri,</span> <span class='ocrx_word' id='word_1_19' title='bbox 668 469 736 519; x_wconf 89' lang='lat' dir='ltr'>ut</span> <span class='ocrx_word' id='word_1_20' title='bbox 780 462 926 519; x_wconf 87' lang='lat' dir='ltr'>scias</span> <span class='ocrx_word' id='word_1_21' title='bbox 970 480 1106 525; x_wconf 92' lang='lat' dir='ltr'>cum</span> <span class='ocrx_word' id='word_1_22' title='bbox 1151 461 1329 516; x_wconf 88' lang='lat' dir='ltr'>servis</span> <span class='ocrx_word' id='word_1_23' title='bbox 1374 465 1436 515; x_wconf 91' lang='lat' dir='ltr'>et</span> <span class='ocrx_word' id='word_1_24' title='bbox 1479 459 1682 534; x_wconf 79' lang='lat' dir='ltr'>egenis</span> <span class='ocrx_word' id='word_1_25' title='bbox 1711 458 1926 524; x_wconf 58' lang='lat' dir='ltr'>verim,</span> 
     </span>
     <span class='ocr_line' id='line_1_4' title="bbox 181 554 1925 633; baseline -0.003 -18"><span class='ocrx_word' id='word_1_26' title='bbox 181 577 355 633; x_wconf 90' lang='lat' dir='ltr'>quam</span> <span class='ocrx_word' id='word_1_27' title='bbox 413 578 548 615; x_wconf 90' lang='lat' dir='ltr'>cum</span> <span class='ocrx_word' id='word_1_28' title='bbox 597 558 846 614; x_wconf 89' lang='lat' dir='ltr'>dominis</span> <span class='ocrx_word' id='word_1_29' title='bbox 906 563 966 614; x_wconf 92' lang='lat' dir='ltr'>et</span> <span class='ocrx_word' id='word_1_30' title='bbox 1023 557 1172 613; x_wconf 85' lang='lat' dir='ltr'>luxu</span> <span class='ocrx_word' id='word_1_31' title='bbox 1230 555 1632 612; x_wconf 88' lang='lat' dir='ltr'>diffluentibus</span> <span class='ocrx_word' id='word_1_32' title='bbox 1689 554 1925 611; x_wconf 91' lang='lat' dir='ltr'>sentire.</span> 
     </span>
     <span class='ocr_line' id='line_1_5' title="bbox 179 649 1926 729; baseline -0.003 -17"><span class='ocrx_word' id='word_1_33' title='bbox 179 653 441 721; x_wconf 70' lang='lat' dir='ltr'>serviles,</span> <span class='ocrx_word' id='word_1_34' title='bbox 485 655 744 729; x_wconf 88' lang='lat' dir='ltr'>inquam,</span> <span class='ocrx_word' id='word_1_35' title='bbox 783 673 985 710; x_wconf 86' lang='lat' dir='ltr'>sensus</span> <span class='ocrx_word' id='word_1_36' title='bbox 1028 654 1322 710; x_wconf 86' lang='lat' dir='ltr'>maximus</span> <span class='ocrx_word' id='word_1_37' title='bbox 1367 652 1687 708; x_wconf 89' lang='lat' dir='ltr'>Poetarum</span> <span class='ocrx_word' id='word_1_38' title='bbox 1731 649 1926 725; x_wconf 89' lang='lat' dir='ltr'>palam</span> 
     </span>
     <span class='ocr_line' id='line_1_6' title="bbox 178 750 1929 826; baseline -0.002 -19"><span class='ocrx_word' id='word_1_39' title='bbox 178 760 237 808; x_wconf 94' lang='lat' dir='ltr'>et</span> <span class='ocrx_word' id='word_1_40' title='bbox 277 759 476 825; x_wconf 89' lang='lat' dir='ltr'>aperte</span> <span class='ocrx_word' id='word_1_41' title='bbox 515 751 826 826; x_wconf 88' lang='lat' dir='ltr'>profitetur</span> <span class='ocrx_word' id='word_1_42' title='bbox 863 757 925 806; x_wconf 92' lang='lat' dir='ltr'>et</span> <span class='ocrx_word' id='word_1_43' title='bbox 970 769 1086 825; x_wconf 85' lang='lat' dir='ltr'>prae</span> <span class='ocrx_word' id='word_1_44' title='bbox 1134 769 1195 806; x_wconf 86' lang='lat' dir='ltr'>se</span> <span class='ocrx_word' id='word_1_45' title='bbox 1236 750 1386 817; x_wconf 83' lang='lat' dir='ltr'>fert3</span> <span class='ocrx_word' id='word_1_46' title='bbox 1424 767 1717 809; x_wconf 73' lang='lat' dir='ltr'>servorum</span> <span class='ocrx_word' id='word_1_47' title='bbox 1751 766 1929 822; x_wconf 88' lang='lat' dir='ltr'>opera</span> 
     </span>
     <span class='ocr_line' id='line_1_7' title="bbox 179 844 1926 921; baseline -0.001 -17"><span class='ocrx_word' id='word_1_48' title='bbox 179 847 540 906; x_wconf 80' lang='lat' dir='ltr'>familiariter</span> <span class='ocrx_word' id='word_1_49' title='bbox 596 867 657 904; x_wconf 93' lang='lat' dir='ltr'>se</span> <span class='ocrx_word' id='word_1_50' title='bbox 715 866 885 903; x_wconf 87' lang='lat' dir='ltr'>nosse</span> <span class='ocrx_word' id='word_1_51' title='bbox 943 845 1141 903; x_wconf 88' lang='lat' dir='ltr'>nullus</span> <span class='ocrx_word' id='word_1_52' title='bbox 1208 847 1411 921; x_wconf 88' lang='lat' dir='ltr'>pudor,</span> <span class='ocrx_word' id='word_1_53' title='bbox 1471 844 1636 902; x_wconf 92' lang='lat' dir='ltr'>nulla</span> <span class='ocrx_word' id='word_1_54' title='bbox 1700 845 1926 921; x_wconf 80' lang='lat' dir='ltr'>religio,</span> 
     </span>
     <span class='ocr_line' id='line_1_8' title="bbox 178 943 1926 1018; baseline 0 -18"><span class='ocrx_word' id='word_1_55' title='bbox 178 945 370 1001; x_wconf 86' lang='lat' dir='ltr'>Instar</span> <span class='ocrx_word' id='word_1_56' title='bbox 425 943 750 999; x_wconf 88' lang='lat' dir='ltr'>multorum</span> <span class='ocrx_word' id='word_1_57' title='bbox 809 943 1217 1018; x_wconf 84' lang='lat' dir='ltr'>exemplorum</span> <span class='ocrx_word' id='word_1_58' title='bbox 1274 943 1386 998; x_wconf 91' lang='lat' dir='ltr'>erit</span> <span class='ocrx_word' id='word_1_59' title='bbox 1457 943 1624 999; x_wconf 93' lang='lat' dir='ltr'>humi</span> <span class='ocrx_word' id='word_1_60' title='bbox 1692 949 1926 1008; x_wconf 79' lang='lat' dir='ltr'>stratuS‚</span> 
     </span>
     <span class='ocr_line' id='line_1_9' title="bbox 176 1029 1926 1115; baseline 0 -19"><span class='ocrx_word' id='word_1_61' title='bbox 176 1039 384 1096; x_wconf 87' lang='lat' dir='ltr'>ultima</span> <span class='ocrx_word' id='word_1_62' title='bbox 422 1041 549 1113; x_wconf 89' lang='lat' dir='ltr'>jam</span> <span class='ocrx_word' id='word_1_63' title='bbox 596 1046 772 1095; x_wconf 90' lang='lat' dir='ltr'>nocte</span> <span class='ocrx_word' id='word_1_64' title='bbox 822 1046 960 1095; x_wconf 89' lang='lat' dir='ltr'>ante</span> <span class='ocrx_word' id='word_1_65' title='bbox 1007 1039 1227 1095; x_wconf 85' lang='lat' dir='ltr'>caedem</span> <span class='ocrx_word' id='word_1_66' title='bbox 1282 1029 1610 1113; x_wconf 75' lang='lat' dir='ltr'>procorum,</span> <span class='ocrx_word' id='word_1_67' title='bbox 1666 1038 1926 1115; x_wconf 84' lang='lat' dir='ltr'>UlysseS.</span> 
     </span>
     <span class='ocr_line' id='line_1_10' title="bbox 178 1135 1929 1210; baseline 0 -18"><span class='ocrx_word' id='word_1_68' title='bbox 178 1135 397 1193; x_wconf 90' lang='lat' dir='ltr'>Nescio</span> <span class='ocrx_word' id='word_1_69' title='bbox 445 1136 739 1210; x_wconf 89' lang='lat' dir='ltr'>quomodo</span> <span class='ocrx_word' id='word_1_70' title='bbox 791 1135 1035 1191; x_wconf 88' lang='lat' dir='ltr'>mirifice</span> <span class='ocrx_word' id='word_1_71' title='bbox 1087 1142 1338 1210; x_wconf 91' lang='lat' dir='ltr'>augetur</span> <span class='ocrx_word' id='word_1_72' title='bbox 1390 1135 1515 1191; x_wconf 92' lang='lat' dir='ltr'>dira</span> <span class='ocrx_word' id='word_1_73' title='bbox 1563 1136 1929 1193; x_wconf 90' lang='lat' dir='ltr'>imminentis</span> 
     </span>
     <span class='ocr_line' id='line_1_11' title="bbox 177 1230 1927 1307; baseline 0 -20"><span class='ocrx_word' id='word_1_74' title='bbox 177 1231 319 1288; x_wconf 92' lang='lat' dir='ltr'>lethi</span> <span class='ocrx_word' id='word_1_75' title='bbox 352 1231 704 1307; x_wconf 84' lang='lat' dir='ltr'>expectatiO,</span> <span class='ocrx_word' id='word_1_76' title='bbox 728 1231 1032 1288; x_wconf 78' lang='lat' dir='ltr'>mentione</span> <span class='ocrx_word' id='word_1_77' title='bbox 1054 1231 1272 1305; x_wconf 85' lang='lat' dir='ltr'>injecta</span> <span class='ocrx_word' id='word_1_78' title='bbox 1294 1230 1518 1291; x_wconf 83' lang='lat' dir='ltr'>servilis</span> <span class='ocrx_word' id='word_1_79' title='bbox 1547 1231 1707 1299; x_wconf 88' lang='lat' dir='ltr'>lecti,</span> <span class='ocrx_word' id='word_1_80' title='bbox 1731 1251 1927 1288; x_wconf 92' lang='lat' dir='ltr'>rerum</span> 
     </span>
     <span class='ocr_line' id='line_1_12' title="bbox 181 1328 1925 1403; baseline 0 -18"><span class='ocrx_word' id='word_1_81' title='bbox 181 1329 296 1385; x_wconf 90' lang='lat' dir='ltr'>huc</span> <span class='ocrx_word' id='word_1_82' title='bbox 325 1329 466 1385; x_wconf 92' lang='lat' dir='ltr'>illuc</span> <span class='ocrx_word' id='word_1_83' title='bbox 497 1346 844 1403; x_wconf 86' lang='lat' dir='ltr'>sparsarum,</span> <span class='ocrx_word' id='word_1_84' title='bbox 868 1347 1054 1384; x_wconf 87' lang='lat' dir='ltr'>vacua</span> <span class='ocrx_word' id='word_1_85' title='bbox 1072 1329 1198 1402; x_wconf 88' lang='lat' dir='ltr'>jam</span> <span class='ocrx_word' id='word_1_86' title='bbox 1230 1348 1298 1385; x_wconf 91' lang='lat' dir='ltr'>ac</span> <span class='ocrx_word' id='word_1_87' title='bbox 1329 1334 1567 1385; x_wconf 89' lang='lat' dir='ltr'>tacente</span> <span class='ocrx_word' id='word_1_88' title='bbox 1596 1328 1658 1384; x_wconf 93' lang='lat' dir='ltr'>in</span> <span class='ocrx_word' id='word_1_89' title='bbox 1688 1335 1925 1386; x_wconf 88' lang='lat' dir='ltr'>noctem</span> 
     </span>
     <span class='ocr_line' id='line_1_13' title="bbox 177 1423 351 1484; baseline 0.006 -1"><span class='ocrx_word' id='word_1_90' title='bbox 177 1423 351 1484; x_wconf 70' lang='lat' dir='ltr'>aulai.</span> 
     </span>
    </p>

    <p class='ocr_par' dir='ltr' id='par_1_3' title="bbox 409 1518 1484 1580">
     <span class='ocr_line' id='line_1_14' title="bbox 409 1518 1484 1580; baseline 0.002 -17"><span class='ocrx_word' id='word_1_91' title='bbox 409 1520 542 1577; x_wconf 80' lang='grc' dir='ltr'>αὐτὰρ</span> <span class='ocrx_word' id='word_1_92' title='bbox 564 1522 587 1563; x_wconf 89' lang='grc' dir='ltr'>ὁ</span> <span class='ocrx_word' id='word_1_93' title='bbox 610 1520 655 1564; x_wconf 83' lang='grc' dir='ltr'>ἐν</span> <span class='ocrx_word' id='word_1_94' title='bbox 674 1520 879 1580; x_wconf 83' lang='grc' dir='ltr'>προδόμῳ</span> <span class='ocrx_word' id='word_1_95' title='bbox 900 1521 1096 1574; x_wconf 82' lang='grc' dir='ltr'>εὐνάζετο</span> <span class='ocrx_word' id='word_1_96' title='bbox 1117 1520 1208 1564; x_wconf 83' lang='grc' dir='ltr'>δῖος</span> <span class='ocrx_word' id='word_1_97' title='bbox 1226 1518 1484 1570; x_wconf 83' lang='grc' dir='ltr'>Ὀδυσσεὺς,</span> 
     </span>
    </p>

    <p class='ocr_par' dir='ltr' id='par_1_4' title="bbox 411 1590 1569 1650">
     <span class='ocr_line' id='line_1_15' title="bbox 411 1590 1569 1650; baseline 0.001 -16"><span class='ocrx_word' id='word_1_98' title='bbox 411 1592 495 1648; x_wconf 87' lang='grc' dir='ltr'>κὰμ</span> <span class='ocrx_word' id='word_1_99' title='bbox 514 1592 592 1648; x_wconf 78' lang='grc' dir='ltr'>μὲν</span> <span class='ocrx_word' id='word_1_100' title='bbox 612 1592 834 1650; x_wconf 77' lang='grc' dir='ltr'>ἀδέψητον</span> <span class='ocrx_word' id='word_1_101' title='bbox 852 1591 984 1647; x_wconf 83' lang='grc' dir='ltr'>βοέην</span> <span class='ocrx_word' id='word_1_102' title='bbox 1015 1590 1208 1648; x_wconf 82' lang='grc' dir='ltr'>στόρεσ’,</span> <span class='ocrx_word' id='word_1_103' title='bbox 1231 1591 1364 1648; x_wconf 80' lang='grc' dir='ltr'>αὐτὰρ</span> <span class='ocrx_word' id='word_1_104' title='bbox 1386 1590 1569 1647; x_wconf 82' lang='grc' dir='ltr'>ὕπερθεν</span> 
     </span>
    </p>

    <p class='ocr_par' dir='ltr' id='par_1_5' title="bbox 413 1663 1376 1727">
     <span class='ocr_line' id='line_1_16' title="bbox 413 1663 1376 1727; baseline -0.002 -20"><span class='ocrx_word' id='word_1_105' title='bbox 413 1666 522 1707; x_wconf 84' lang='grc' dir='ltr'>κώεα</span> <span class='ocrx_word' id='word_1_106' title='bbox 541 1664 670 1708; x_wconf 83' lang='grc' dir='ltr'>πόλλ’</span> <span class='ocrx_word' id='word_1_107' title='bbox 693 1664 807 1717; x_wconf 85' lang='grc' dir='ltr'>ὀΐων,</span> <span class='ocrx_word' id='word_1_108' title='bbox 829 1666 927 1727; x_wconf 82' lang='grc' dir='ltr'>τοὺς</span> <span class='ocrx_word' id='word_1_109' title='bbox 950 1663 1171 1722; x_wconf 79' lang='grc' dir='ltr'>ἱρεύεσκον</span> <span class='ocrx_word' id='word_1_110' title='bbox 1191 1663 1376 1720; x_wconf 83' lang='grc' dir='ltr'>Ἀχαιοί.</span> 
     </span>
    </p>

    <p class='ocr_par' dir='ltr' id='par_1_6' title="bbox 417 1735 1489 1794">
     <span class='ocr_line' id='line_1_17' title="bbox 417 1735 1489 1794; baseline -0.001 -15"><span class='ocrx_word' id='word_1_111' title='bbox 417 1737 639 1793; x_wconf 81' lang='grc' dir='ltr'>Εὐρυνόμη</span> <span class='ocrx_word' id='word_1_112' title='bbox 663 1736 697 1780; x_wconf 89' lang='grc' dir='ltr'>δ’</span> <span class='ocrx_word' id='word_1_113' title='bbox 721 1736 786 1794; x_wconf 85' lang='grc' dir='ltr'>ἀρ’</span> <span class='ocrx_word' id='word_1_114' title='bbox 810 1737 878 1781; x_wconf 78' lang='grc' dir='ltr'>ἐπὶ</span> <span class='ocrx_word' id='word_1_115' title='bbox 900 1739 1082 1794; x_wconf 84' lang='grc' dir='ltr'>χλαῖναν</span> <span class='ocrx_word' id='word_1_116' title='bbox 1101 1737 1214 1788; x_wconf 85' lang='grc' dir='ltr'>βάλε</span> <span class='ocrx_word' id='word_1_117' title='bbox 1235 1735 1489 1792; x_wconf 83' lang='grc' dir='ltr'>κοιμηθέντι·</span> 
     </span>
    </p>

    <p class='ocr_par' dir='ltr' id='par_1_7' title="bbox 411 1807 1587 1867">
     <span class='ocr_line' id='line_1_18' title="bbox 411 1807 1587 1867; baseline -0.001 -16"><span class='ocrx_word' id='word_1_118' title='bbox 411 1808 493 1852; x_wconf 83' lang='grc' dir='ltr'>ἐνθ’</span> <span class='ocrx_word' id='word_1_119' title='bbox 515 1807 738 1860; x_wconf 83' lang='grc' dir='ltr'>Ὀδυσεὺς,</span> <span class='ocrx_word' id='word_1_120' title='bbox 760 1811 1005 1866; x_wconf 86' lang='grc' dir='ltr'>μνηστῆρσι</span> <span class='ocrx_word' id='word_1_121' title='bbox 1026 1809 1131 1851; x_wconf 89' lang='grc' dir='ltr'>κακὰ</span> <span class='ocrx_word' id='word_1_122' title='bbox 1151 1807 1349 1866; x_wconf 86' lang='grc' dir='ltr'>φρονέων</span> <span class='ocrx_word' id='word_1_123' title='bbox 1370 1807 1430 1851; x_wconf 79' lang='grc' dir='ltr'>ε’νὶ</span> <span class='ocrx_word' id='word_1_124' title='bbox 1453 1807 1587 1867; x_wconf 76' lang='grc' dir='ltr'>θυμῷ,</span> 
     </span>
    </p>

    <p class='ocr_par' dir='ltr' id='par_1_8' title="bbox 179 1879 1926 2151">
     <span class='ocr_line' id='line_1_19' title="bbox 415 1879 820 1938; baseline 0.005 -16"><span class='ocrx_word' id='word_1_125' title='bbox 415 1879 513 1923; x_wconf 89' lang='grc' dir='ltr'>κεῖτ’</span> <span class='ocrx_word' id='word_1_126' title='bbox 536 1880 820 1938; x_wconf 66' lang='grc' dir='ltr'>ἐγρηγορόων</span> 
     </span>
     <span class='ocr_line' id='line_1_20' title="bbox 179 1979 1926 2057; baseline 0.001 -22"><span class='ocrx_word' id='word_1_127' title='bbox 179 1979 329 2035; x_wconf 89' lang='lat' dir='ltr'>Tum</span> <span class='ocrx_word' id='word_1_128' title='bbox 352 1981 757 2047; x_wconf 82' lang='lat' dir='ltr'>recordamini,</span> <span class='ocrx_word' id='word_1_129' title='bbox 782 2000 898 2055; x_wconf 88' lang='lat' dir='ltr'>qua</span> <span class='ocrx_word' id='word_1_130' title='bbox 920 1982 1292 2055; x_wconf 87' lang='lat' dir='ltr'>potissimum</span> <span class='ocrx_word' id='word_1_131' title='bbox 1316 1982 1572 2057; x_wconf 83' lang='lat' dir='ltr'>imagine</span> <span class='ocrx_word' id='word_1_132' title='bbox 1595 1982 1926 2041; x_wconf 84' lang='lat' dir='ltr'>insomnem</span> 
     </span>
     <span class='ocr_line' id='line_1_21' title="bbox 181 2072 1222 2151; baseline 0.004 -23"><span class='ocrx_word' id='word_1_133' title='bbox 181 2080 241 2129; x_wconf 89' lang='lat' dir='ltr'>et</span> <span class='ocrx_word' id='word_1_134' title='bbox 271 2075 423 2131; x_wconf 91' lang='lat' dir='ltr'>curis</span> <span class='ocrx_word' id='word_1_135' title='bbox 451 2074 840 2133; x_wconf 88' lang='lat' dir='ltr'>fluctuantem</span> <span class='ocrx_word' id='word_1_136' title='bbox 871 2072 1222 2151; x_wconf 79' lang='lat' dir='ltr'>exprimatk.</span> 
     </span>
    </p>
   </div>
   <div class='ocr_carea' id='block_1_3' title="bbox 410 2186 1573 2388">
    <p class='ocr_par' dir='ltr' id='par_1_9' title="bbox 410 2186 1573 2388">
     <span class='ocr_line' id='line_1_22' title="bbox 410 2186 1573 2245; baseline 0.003 -16"><span class='ocrx_word' id='word_1_137' title='bbox 410 2187 466 2231; x_wconf 84' lang='grc' dir='ltr'>ὡς</span> <span class='ocrx_word' id='word_1_138' title='bbox 488 2186 523 2229; x_wconf 84' lang='grc' dir='ltr'>δ’</span> <span class='ocrx_word' id='word_1_139' title='bbox 547 2186 618 2231; x_wconf 86' lang='grc' dir='ltr'>ὅτε</span> <span class='ocrx_word' id='word_1_140' title='bbox 637 2187 815 2245; x_wconf 81' lang='grc' dir='ltr'>γαστέρ’</span> <span class='ocrx_word' id='word_1_141' title='bbox 838 2187 958 2244; x_wconf 85' lang='grc' dir='ltr'>ἀνὴρ,</span> <span class='ocrx_word' id='word_1_142' title='bbox 980 2188 1140 2234; x_wconf 82' lang='grc' dir='ltr'>πολέος</span> <span class='ocrx_word' id='word_1_143' title='bbox 1159 2190 1294 2245; x_wconf 80' lang='grc' dir='ltr'>πυρὸς</span> <span class='ocrx_word' id='word_1_144' title='bbox 1315 2189 1573 2245; x_wconf 82' lang='grc' dir='ltr'>αἰθομένοιο,</span> 
     </span>
     <span class='ocr_line' id='line_1_23' title="bbox 410 2257 1501 2316; baseline 0.004 -16"><span class='ocrx_word' id='word_1_145' title='bbox 410 2257 615 2314; x_wconf 86' lang='grc' dir='ltr'>ἐμπλείην</span> <span class='ocrx_word' id='word_1_146' title='bbox 636 2259 817 2314; x_wconf 80' lang='grc' dir='ltr'>κνίσσης</span> <span class='ocrx_word' id='word_1_147' title='bbox 836 2277 883 2302; x_wconf 91' lang='grc' dir='ltr'>τε</span> <span class='ocrx_word' id='word_1_148' title='bbox 904 2260 972 2302; x_wconf 88' lang='grc' dir='ltr'>καὶ</span> <span class='ocrx_word' id='word_1_149' title='bbox 993 2258 1169 2316; x_wconf 81' lang='grc' dir='ltr'>αἵματος</span> <span class='ocrx_word' id='word_1_150' title='bbox 1189 2260 1290 2304; x_wconf 73' lang='grc' dir='ltr'>ἔνθα</span> <span class='ocrx_word' id='word_1_151' title='bbox 1311 2261 1379 2303; x_wconf 85' lang='grc' dir='ltr'>καὶ</span> <span class='ocrx_word' id='word_1_152' title='bbox 1400 2261 1501 2304; x_wconf 78' lang='grc' dir='ltr'>ἔνθα</span> 
     </span>
     <span class='ocr_line' id='line_1_24' title="bbox 410 2328 1388 2388; baseline 0.001 -15"><span class='ocrx_word' id='word_1_153' title='bbox 410 2328 580 2386; x_wconf 76' lang='grc' dir='ltr'>αἵολλῃ,</span> <span class='ocrx_word' id='word_1_154' title='bbox 603 2331 720 2387; x_wconf 89' lang='grc' dir='ltr'>μάλα</span> <span class='ocrx_word' id='word_1_155' title='bbox 740 2330 776 2374; x_wconf 87' lang='grc' dir='ltr'>δ’</span> <span class='ocrx_word' id='word_1_156' title='bbox 800 2330 887 2374; x_wconf 82' lang='grc' dir='ltr'>ὦκα</span> <span class='ocrx_word' id='word_1_157' title='bbox 907 2332 1121 2375; x_wconf 87' lang='grc' dir='ltr'>λιλαίεται</span> <span class='ocrx_word' id='word_1_158' title='bbox 1142 2332 1388 2388; x_wconf 84' lang='grc' dir='ltr'>ὀπτηθῆναι·</span> 
     </span>
    </p>
   </div>
   <div class='ocr_carea' id='block_1_4' title="bbox 167 2471 1929 3292">
    <p class='ocr_par' dir='ltr' id='par_1_10' title="bbox 412 2471 1499 2533">
     <span class='ocr_line' id='line_1_25' title="bbox 412 2471 1499 2533; baseline 0.003 -18"><span class='ocrx_word' id='word_1_159' title='bbox 412 2471 560 2518; x_wconf 83' lang='grc' dir='ltr'>ὅππως</span> <span class='ocrx_word' id='word_1_160' title='bbox 580 2473 630 2528; x_wconf 88' lang='grc' dir='ltr'>δὴ</span> <span class='ocrx_word' id='word_1_161' title='bbox 651 2476 921 2532; x_wconf 86' lang='grc' dir='ltr'>μνηστῆρσιν</span> <span class='ocrx_word' id='word_1_162' title='bbox 940 2474 1135 2519; x_wconf 82' lang='grc' dir='ltr'>ἀναιδέσι</span> <span class='ocrx_word' id='word_1_163' title='bbox 1155 2478 1305 2532; x_wconf 78' lang='grc' dir='ltr'>χεῖρας</span> <span class='ocrx_word' id='word_1_164' title='bbox 1326 2474 1499 2533; x_wconf 82' lang='grc' dir='ltr'>ἐφήσει,</span> 
     </span>
    </p>

    <p class='ocr_par' dir='ltr' id='par_1_11' title="bbox 174 2545 1929 2990">
     <span class='ocr_line' id='line_1_26' title="bbox 410 2545 857 2600; baseline 0.007 -14"><span class='ocrx_word' id='word_1_165' title='bbox 410 2546 565 2600; x_wconf 79' lang='grc' dir='ltr'>μοῦνος</span> <span class='ocrx_word' id='word_1_166' title='bbox 585 2545 665 2588; x_wconf 86' lang='grc' dir='ltr'>ε’ὼν</span> <span class='ocrx_word' id='word_1_167' title='bbox 683 2547 857 2589; x_wconf 89' lang='grc' dir='ltr'>πόλεσι.</span> 
     </span>
     <span class='ocr_line' id='line_1_27' title="bbox 181 2643 1927 2723; baseline 0.003 -22"><span class='ocrx_word' id='word_1_168' title='bbox 181 2643 327 2701; x_wconf 88' lang='lat' dir='ltr'>Haec</span> <span class='ocrx_word' id='word_1_169' title='bbox 365 2646 552 2721; x_wconf 85' lang='lat' dir='ltr'>magis</span> <span class='ocrx_word' id='word_1_170' title='bbox 591 2655 728 2721; x_wconf 90' lang='lat' dir='ltr'>apte</span> <span class='ocrx_word' id='word_1_171' title='bbox 769 2667 946 2722; x_wconf 93' lang='lat' dir='ltr'>quam</span> <span class='ocrx_word' id='word_1_172' title='bbox 986 2648 1288 2723; x_wconf 78' lang='lat' dir='ltr'>eleganter</span> <span class='ocrx_word' id='word_1_173' title='bbox 1331 2648 1601 2705; x_wconf 80' lang='lat' dir='ltr'>adhibuit</span> <span class='ocrx_word' id='word_1_174' title='bbox 1645 2650 1757 2706; x_wconf 94' lang='lat' dir='ltr'>hoc</span> <span class='ocrx_word' id='word_1_175' title='bbox 1797 2650 1927 2707; x_wconf 88' lang='lat' dir='ltr'>loco</span> 
     </span>
     <span class='ocr_line' id='line_1_28' title="bbox 182 2740 1929 2818; baseline 0.004 -22"><span class='ocrx_word' id='word_1_176' title='bbox 182 2740 385 2808; x_wconf 90' lang='lat' dir='ltr'>Poeta,</span> <span class='ocrx_word' id='word_1_177' title='bbox 426 2743 488 2797; x_wconf 90' lang='lat' dir='ltr'>ni</span> <span class='ocrx_word' id='word_1_178' title='bbox 528 2741 714 2808; x_wconf 81' lang='lat' dir='ltr'>fallor,</span> <span class='ocrx_word' id='word_1_179' title='bbox 755 2743 907 2799; x_wconf 89' lang='lat' dir='ltr'>hanc</span> <span class='ocrx_word' id='word_1_180' title='bbox 946 2744 1134 2818; x_wconf 83' lang='lat' dir='ltr'>ipsam</span> <span class='ocrx_word' id='word_1_181' title='bbox 1180 2744 1256 2801; x_wconf 90' lang='lat' dir='ltr'>ob</span> <span class='ocrx_word' id='word_1_182' title='bbox 1297 2763 1581 2816; x_wconf 83' lang='lat' dir='ltr'>caussam,</span> <span class='ocrx_word' id='word_1_183' title='bbox 1622 2753 1691 2803; x_wconf 90' lang='lat' dir='ltr'>ut</span> <span class='ocrx_word' id='word_1_184' title='bbox 1731 2748 1929 2804; x_wconf 88' lang='lat' dir='ltr'>omnia</span> 
     </span>
     <span class='ocr_line' id='line_1_29' title="bbox 176 2835 1928 2918; baseline 0.002 -27"><span class='ocrx_word' id='word_1_185' title='bbox 176 2835 327 2894; x_wconf 90' lang='lat' dir='ltr'>bene</span> <span class='ocrx_word' id='word_1_186' title='bbox 363 2838 744 2893; x_wconf 89' lang='lat' dir='ltr'>convenirent</span> <span class='ocrx_word' id='word_1_187' title='bbox 779 2839 934 2898; x_wconf 90' lang='lat' dir='ltr'>inter</span> <span class='ocrx_word' id='word_1_188' title='bbox 963 2857 1040 2905; x_wconf 87' lang='lat' dir='ltr'>se,</span> <span class='ocrx_word' id='word_1_189' title='bbox 1071 2858 1181 2896; x_wconf 89' lang='lat' dir='ltr'>nec</span> <span class='ocrx_word' id='word_1_190' title='bbox 1211 2858 1387 2897; x_wconf 90' lang='lat' dir='ltr'>scena</span> <span class='ocrx_word' id='word_1_191' title='bbox 1421 2859 1526 2897; x_wconf 85' lang='lat' dir='ltr'>suo</span> <span class='ocrx_word' id='word_1_192' title='bbox 1557 2843 1721 2916; x_wconf 92' lang='lat' dir='ltr'>quasi</span> <span class='ocrx_word' id='word_1_193' title='bbox 1751 2862 1928 2918; x_wconf 78' lang='lat' dir='ltr'>appa.-</span> 
     </span>
     <span class='ocr_line' id='line_1_30' title="bbox 174 2937 576 2990; baseline 0.007 -4"><span class='ocrx_word' id='word_1_194' title='bbox 174 2937 306 2987; x_wconf 88' lang='lat' dir='ltr'>ratu</span> <span class='ocrx_word' id='word_1_195' title='bbox 335 2939 576 2990; x_wconf 78' lang='lat' dir='ltr'>careret.</span> 
     </span>
    </p>

    <p class='ocr_par' dir='ltr' id='par_1_12' title="bbox 259 3026 1924 3111">
     <span class='ocr_line' id='line_1_31' title="bbox 259 3026 1924 3111; baseline 0.005 -29"><span class='ocrx_word' id='word_1_196' title='bbox 259 3026 493 3083; x_wconf 92' lang='lat' dir='ltr'>Deinde</span> <span class='ocrx_word' id='word_1_197' title='bbox 544 3029 756 3095; x_wconf 86' lang='lat' dir='ltr'>videte,</span> <span class='ocrx_word' id='word_1_198' title='bbox 809 3049 945 3086; x_wconf 91' lang='lat' dir='ltr'>cum</span> <span class='ocrx_word' id='word_1_199' title='bbox 995 3038 1122 3088; x_wconf 87' lang='lat' dir='ltr'>erat</span> <span class='ocrx_word' id='word_1_200' title='bbox 1170 3032 1243 3089; x_wconf 91' lang='lat' dir='ltr'>de</span> <span class='ocrx_word' id='word_1_201' title='bbox 1290 3034 1562 3109; x_wconf 88' lang='lat' dir='ltr'>auspiciis</span> <span class='ocrx_word' id='word_1_202' title='bbox 1608 3035 1924 3111; x_wconf 88' lang='lat' dir='ltr'>agendum,</span> 
     </span>
    </p>

    <p class='ocr_par' dir='ltr' id='par_1_13' title="bbox 167 3123 1925 3292">
     <span class='ocr_line' id='line_1_32' title="bbox 167 3123 1925 3204; baseline 0.005 -27"><span class='ocrx_word' id='word_1_203' title='bbox 167 3140 349 3196; x_wconf 65' lang='lat' dir='ltr'>vquam</span> <span class='ocrx_word' id='word_1_204' title='bbox 401 3123 765 3182; x_wconf 88' lang='lat' dir='ltr'>familiariter</span> <span class='ocrx_word' id='word_1_205' title='bbox 814 3127 888 3182; x_wconf 91' lang='lat' dir='ltr'>ad</span> <span class='ocrx_word' id='word_1_206' title='bbox 939 3126 1225 3183; x_wconf 91' lang='lat' dir='ltr'>humilem</span> <span class='ocrx_word' id='word_1_207' title='bbox 1279 3128 1577 3186; x_wconf 87' lang='lat' dir='ltr'>fortunam</span> <span class='ocrx_word' id='word_1_208' title='bbox 1624 3136 1803 3204; x_wconf 91' lang='lat' dir='ltr'>atque</span> <span class='ocrx_word' id='word_1_209' title='bbox 1849 3130 1925 3186; x_wconf 90' lang='lat' dir='ltr'>ad</span> 
     </span>
     <span class='ocr_line' id='line_1_33' title="bbox 176 3220 1336 3292; baseline 0.003 -17"><span class='ocrx_word' id='word_1_210' title='bbox 176 3236 355 3292; x_wconf 88' lang='lat' dir='ltr'>pensa</span> <span class='ocrx_word' id='word_1_211' title='bbox 385 3239 695 3276; x_wconf 87' lang='lat' dir='ltr'>vernarum</span> <span class='ocrx_word' id='word_1_212' title='bbox 723 3221 931 3280; x_wconf 92' lang='lat' dir='ltr'>diurna</span> <span class='ocrx_word' id='word_1_213' title='bbox 960 3220 1336 3279; x_wconf 78' lang='lat' dir='ltr'>recurraturl.</span> 
     </span>
    </p>
   </div>
   <div class='ocr_carea' id='block_1_5' title="bbox 407 3332 1505 3465">
    <p class='ocr_par' dir='ltr' id='par_1_14' title="bbox 407 3332 1505 3465">
     <span class='ocr_line' id='line_1_34' title="bbox 408 3332 1379 3394; baseline 0.005 -18"><span class='ocrx_word' id='word_1_214' title='bbox 408 3332 556 3390; x_wconf 83' lang='grc' dir='ltr'>φήμην</span> <span class='ocrx_word' id='word_1_215' title='bbox 576 3333 612 3377; x_wconf 88' lang='grc' dir='ltr'>δ’</span> <span class='ocrx_word' id='word_1_216' title='bbox 635 3334 683 3389; x_wconf 79' lang='grc' dir='ltr'>ἐξ</span> <span class='ocrx_word' id='word_1_217' title='bbox 704 3333 835 3383; x_wconf 81' lang='grc' dir='ltr'>οἴκοιο</span> <span class='ocrx_word' id='word_1_218' title='bbox 855 3336 960 3393; x_wconf 77' lang='grc' dir='ltr'>γυνὴ</span> <span class='ocrx_word' id='word_1_219' title='bbox 981 3336 1187 3392; x_wconf 87' lang='grc' dir='ltr'>προέηκεν</span> <span class='ocrx_word' id='word_1_220' title='bbox 1207 3336 1379 3394; x_wconf 80' lang='grc' dir='ltr'>ἀλετρὶς</span> 
     </span>
     <span class='ocr_line' id='line_1_35' title="bbox 407 3404 1505 3465; baseline 0.005 -18"><span class='ocrx_word' id='word_1_221' title='bbox 407 3404 609 3459; x_wconf 85' lang='grc' dir='ltr'>πλησίον,</span> <span class='ocrx_word' id='word_1_222' title='bbox 628 3404 710 3449; x_wconf 79' lang='grc' dir='ltr'>ἐνθ’</span> <span class='ocrx_word' id='word_1_223' title='bbox 733 3405 815 3463; x_wconf 79' lang='grc' dir='ltr'>ἄρα</span> <span class='ocrx_word' id='word_1_224' title='bbox 837 3407 877 3449; x_wconf 84' lang='grc' dir='ltr'>οἱ</span> <span class='ocrx_word' id='word_1_225' title='bbox 897 3406 1027 3463; x_wconf 83' lang='grc' dir='ltr'>μύλαι</span> <span class='ocrx_word' id='word_1_226' title='bbox 1050 3406 1164 3451; x_wconf 81' lang='grc' dir='ltr'>εἵατο</span> <span class='ocrx_word' id='word_1_227' title='bbox 1187 3408 1355 3465; x_wconf 86' lang='grc' dir='ltr'>ποιμένι</span> <span class='ocrx_word' id='word_1_228' title='bbox 1376 3410 1505 3452; x_wconf 86' lang='grc' dir='ltr'>λαῶν.</span> 
     </span>
    </p>
   </div>
   <div class='ocr_carea' id='block_1_6' title="bbox 310 3542 1782 3610">
    <p class='ocr_par' dir='ltr' id='par_1_15' title="bbox 310 3542 1782 3610">
     <span class='ocr_line' id='line_1_36' title="bbox 310 3542 1782 3610; baseline 0.005 -25"><span class='ocrx_word' id='word_1_229' title='bbox 310 3542 323 3573; x_wconf 64' lang='lat' dir='ltr'>i</span> <span class='ocrx_word' id='word_1_230' title='bbox 355 3542 443 3586; x_wconf 90' lang='lat' dir='ltr'>Od.</span> <span class='ocrx_word' id='word_1_231' title='bbox 466 3560 539 3594; x_wconf 78' lang='lat' dir='ltr'>xx.</span> <span class='ocrx_word' id='word_1_232' title='bbox 568 3552 603 3588; x_wconf 89' lang='lat'>1&#39;.</span> <span class='ocrx_word' id='word_1_233' title='bbox 963 3547 980 3571; x_wconf 73' lang='lat'>¹⁴</span> <span class='ocrx_word' id='word_1_234' title='bbox 1011 3564 1083 3591; x_wconf 86' lang='lat' dir='ltr'>xx.</span> <span class='ocrx_word' id='word_1_235' title='bbox 1108 3560 1180 3602; x_wconf 88' lang='lat'>25.</span> <span class='ocrx_word' id='word_1_236' title='bbox 1538 3549 1552 3579; x_wconf 83' lang='lat'>1</span> <span class='ocrx_word' id='word_1_237' title='bbox 1583 3565 1658 3594; x_wconf 83' lang='lat' dir='ltr'>xx.</span> <span class='ocrx_word' id='word_1_238' title='bbox 1685 3562 1782 3610; x_wconf 68' lang='lat'>105,</span> 
     </span>
    </p>
   </div>
  </div>
 </body>
</html>
