2320 4126
313 265 470 299 PRAEL.
492 266 580 297 xx.
656 248 736 297 De
748 246 929 315 prima
956 246 1012 296 in
1039 246 1402 314 Ayamemnone
1431 247 1713 298 Gantilena.
1958 251 2071 306 359.

311 388 483 445 silere
545 388 758 463 jubeat
827 388 1095 444 homines
1167 406 1363 447 coram
1425 386 1541 443 Dei
1591 387 1663 444 O.
1712 387 1802 444 M.
1853 391 2069 465 majes-

311 493 451 542 tate.

394 582 552 650 Quid
601 582 725 639 haec
775 582 885 638 sib-i-
934 582 1135 648 velint,
1175 581 1406 656 planius
1456 582 1778 657 apparebit,
1826 601 2063 639 sumen-2

309 678 466 734 tibus
520 678 688 735 nobis
748 679 965 735 iterum
1011 679 1070 734 in
1130 697 1337 734 manus
1384 677 1566 734 telam
1607 697 1782 752 quam
1839 678 2060 753 incepi-

307 794 438 831 mus
498 782 720 831 texere.
840 775 1133 841 Diximus,
1207 774 1552 849 AEschylum
1618 774 1892 831 universa
1948 775 2066 832 hac>

306 872 453 928 serie
490 871 655 931 litem
697 871 857 928 illam
899 891 1063 928 suam
1097 890 1233 928 cum
1261 871 1415 928 Jove
1445 889 1694 937 summ0‚
1725 871 1787 927 in
1817 871 2069 929 Prome-,

306 966 445 1023 theo
489 968 843 1036 institutam,
875 987 1263 1044 componere:
1310 987 1381 1024 eo
1421 974 1623 1025 autem
1670 987 1787 1043 prae
1825 970 2066 1026 caeteris.-

303 1071 571 1138 spectare
622 1055 890 1121 nobilem*
933 1064 1111 1122 Chori
1162 1065 1271 1121 sub
1317 1064 1486 1120 initio
1531 1063 1749 1122 fabulae
1793 1063 2062 1143 παρόδου,

302 1180 418 1235 qua
468 1168 746 1235 tanquam
790 1182 865 1218 ex
909 1161 1085 1236 adyto
1134 1159 1469 1219 declaretur·
1509 1158 1707 1215 divina
1751 1159 1836 1216 vis
1878 1167 2068 1235 atque-

303 1258 550 1324 bonitas,
599 1277 833 1332 quoque
881 1258 1061 1313 modo
1111 1276 1181 1313 ea
1227 1256 1410 1312 tacite
1461 1255 1710 1312 derivari
1764 1255 1950 1312 soleat
1996 1257 2059 1314 in

300 1362 530 1410 mentes
580 1354 904 1420 hominum,
964 1354 1146 1415 etiam
1198 1372 1307 1428 per
1360 1353 1650 1414 insomnia
1700 1360 1762 1409 et
1806 1359 2066 1411 terrores,

302 1458 619 1508 nocturnos
643 1447 663 1485 f
678 1468 698 1507 ε,

653 1601 863 1658 δαιμόνων
883 1600 933 1644 δέ
950 1618 1034 1644 που
1054 1601 1181 1657 χάρις
1200 1599 1354 1652 βίαιος,

654 1673 797 1730 σέλμα
818 1673 978 1730 σέμνον
998 1672 1174 1730 ἡμένων.

297 1797 577 1854 Graviter
620 1797 885 1872 profecto
932 1804 994 1853 et
1044 1795 1336 1876 exquisite
1381 1795 1576 1862 docet,
1629 1794 1827 1854 invitis
1872 1795 2056 1851 etiam

294 1900 359 1949 et
402 1893 830 1949 reluctantibus
869 1893 1143 1968 prodesse
1183 1893 1435 1968 gratiam
1475 1891 1714 1967 benigni
1753 1891 2053 1947 Numinis,

301 1989 462 2046 Nolo
521 1997 723 2047 autem
782 1990 1175 2065 reprehendat
1232 1988 1444 2064 aliquis
1498 1987 1860 2064 AEschylum,
1920 1994 2050 2044 tan-

293 2106 472 2161 quam
521 2087 569 2143 is
619 2086 891 2162 religioso
937 2086 1176 2161 quidem
1227 2086 1440 2152 anim0‚
1492 2086 1595 2142 sed
1639 2085 1769 2142 loco
1808 2085 2059 2140 minime

294 2191 648 2258 opportuno,
699 2183 915 2240 Jovem
967 2183 1127 2258 prius
1178 2182 1434 2238 invisum
1482 2181 1722 2238 laudare
1765 2182 2055 2257 gestierit..

292 2279 455 2348 Quin
510 2279 848 2358 hujusmodi
902 2279 1107 2346 ferme,
1158 2279 1218 2335 ni
1278 2277 1465 2344 fallor,
1514 2277 1696 2335 series
1742 2287 2089 2354 nexusque
2154 2344 2157 2347 ‚

292 2384 384 2433 est
434 2376 779 2434 nobilissimi
828 2375 1120 2435 carminis.
1205 2374 1473 2433 Obscure
1518 2374 1871 2431 vaticinatus
1923 2381 2051 2437 erat

290 2472 558 2539 CalchaS‚
596 2473 721 2529 fore
765 2479 833 2529 ut
868 2469 1118 2528 Achivis
1159 2471 1426 2528 sacrificii
1467 2469 1774 2545 cujusdam
1808 2470 2051 2527 infausti

291 2570 608 2631 necessitas
645 2570 722 2626 ob
760 2569 972 2630 iratam
1013 2567 1267 2629 Dianam
1313 2567 1641 2634 immineat,
1672 2567 1886 2623 deinde
1929 2586 2051 2624 non

290 2664 393 2725 diu
444 2672 801 2723 cessaturam
859 2665 1086 2723 innoxii
1148 2663 1450 2739 sanguinis
1507 2662 1815 2722 ultionem.
1932 2661 2057 2719 His,

291 2768 572 2835 tanquam
619 2761 913 2818 ominibus
962 2760 1191 2821 Chorus
1241 2760 1682 2834 obstupescens
1729 2777 1800 2814 eo
1844 2758 2052 2819 consuat

285 2875 447 2932 gere,
478 2877 594 2932 quo
624 2859 797 2916 decet
827 2857 1096 2916 cordatos
1127 2874 1333 2924 senes;
1386 2874 1601 2933 nempe
1632 2855 1706 2911 ad
1736 2853 2048 2918 consilium,

287 2955 546 3028 supremi
598 2953 768 3014 Illius
798 2953 1266 3021 Gubernatoris3
1333 2952 1491 3027 quod
1536 2951 1696 3008 idem
1741 2958 1803 3007 et
1840 2950 2053 3025 justis-..A

285 3047 503 3108 simum
551 3055 952 3116 autumantnr,
985 3055 1046 3105 et
1083 3048 1410 3106 certissimo
1450 3047 1575 3107 fore
1624 3052 1860 3108 eventu.
1949 3045 2049 3109 Ita

287 3144 546 3212 tandem,
593 3144 912 3220 tranquillo
959 3164 1028 3203 ac
1073 3144 1270 3208 stabili
1307 3143 1524 3209 anim0,
1571 3141 1763 3218 pergit
1813 3140 2046 3205 Chorus

289 3238 612 3316 Iphigeniae
641 3242 966 3298 mentione.

368 3335 573 3417 Atque
618 3339 802 3396 totius
845 3338 970 3412 ejus
1015 3336 1128 3393 loci
1175 3336 1260 3392 vis
1305 3340 1395 3392 est
1434 3353 1503 3391 ea
1547 3333 1938 3409 potissimum,
1970 3339 2038 3396 ut

990 3497 1007 3528 f
1034 3498 1185 3554 Ayam.
1210 3507 1305 3554 175.
