2320 4126
335 214 446 267 302
709 214 946 270 Darium
971 214 1108 271 ultro
1132 215 1198 271 ab
1224 217 1477 288 AEsclcylo
1503 219 1688 272 ornari
1706 241 1723 272 .·
1821 239 1980 273 pam„
2003 240 2134 275 xvn.

822 361 1019 418 σονόμου
1039 361 1193 420 γενεᾶς
1214 360 1252 404 ι’-

818 433 980 480 σόθεος
1000 435 1115 492 φῶς.

816 510 1000 551 κυανοῦν
1021 505 1058 550 δ’
1082 505 1251 563 ὄμμασι
1271 505 1497 561 λεύσσων,

815 580 978 638 φονίου
1000 579 1169 639 δέργμα
1191 580 1442 638 δράκοντος,

333 725 477 804 (qua
506 727 751 803 quidem
784 726 1199 797 similitudine,
1224 728 1286 785 ni
1311 728 1501 796 fallor,
1534 739 1930 807 repraesentat
1960 735 2133 792 nobis

332 826 527 884 Poeta
573 825 810 884 vultum
857 825 1305 902 quodammodo
1348 827 1796 887 haereditarium
1837 832 1985 909 regii
2030 852 2135 911 ge-

330 923 490 982 neris
521 921 1098 983 Aehaemenidarum
1121 925 1161 1001 z)

812 1067 1047 1128 πολύχειρ,
1071 1069 1140 1113 καὶ
1161 1067 1451 1123 πολυναύτας,

814 1141 972 1202 Σύριόν
993 1141 1032 1188 θ’
1055 1143 1173 1203 ἅρμα
1194 1143 1374 1195 διώκων,

814 1216 968 1276 ἐπάγει
990 1215 1295 1274 δουρικλύτοις
1314 1216 1389 1261 ἀν-

813 1290 949 1349 δράσι
970 1288 1415 1349 τοξόδαμνον”Αρην.

328 1412 411 1471 Et
442 1412 623 1490 paulo
655 1412 920 1483 inierim,

811 1559 1116 1618 ἀπρόσοιστος
1135 1561 1222 1619 γὰρ
1244 1562 1269 1604 ὁ
1291 1564 1483 1619 Περσῶν

812 1634 1021 1690 στρατὸς,
1043 1632 1278 1692 ἀλκίφρων
1298 1652 1346 1678 τε
1367 1635 1491 1680 λαός·

810 1706 1051 1764 δολόμητιν
1072 1706 1111 1751 δ’
1134 1706 1305 1752 ἀπάταν
1326 1706 1431 1751 θεοῦ

809 1779 878 1826 τίς
896 1779 1006 1839 ἀνὴρ
1028 1779 1186 1828 θνατὸς
1207 1779 1390 1839 ἀλύξεις

324 1902 610 1963 Profecto
650 1901 773 1962 non
814 1910 958 1963 sunt
1001 1904 1136 1964 haee
1175 1905 1497 1973 irridentiS,
1530 1922 1729 1982 neque
1767 1905 1978 1966 sedulo
2010 1908 2131 1966 ele-

321 2002 519 2060 vantis
548 2001 809 2072 hostem,
841 2003 946 2061 sed
978 2003 1107 2080 ejus
1138 2003 1341 2080 potius
1372 2003 1696 2080 scriptoris,
1729 2004 1831 2080 qui
1867 2005 2131 2083 ingenua

321 2099 686 2159 aemulorum
745 2100 926 2159 laude
996 2102 1255 2178 patriam
1320 2120 1491 2159 suam
1554 2101 1866 2160 victricem
1933 2102 2126 2161 ornari

322 2199 564 2257 sentiat.
1349 2206 1352 2209 ’

409 2297 579 2357 Darii
611 2317 754 2356 vero
785 2318 819 2357 e
850 2299 1106 2357 mortuis
1148 2306 1400 2358 evocata
1438 2318 1711 2376 persona,
1743 2319 1924 2375 quam
1957 2299 2125 2375 quasi

321 2394 579 2473 figuram
616 2407 680 2452 et
715 2394 996 2452 umbram
1027 2395 1248 2452 veteris
1279 2395 1602 2452 Persarum
1641 2394 1847 2473 gloriae
1877 2394 2127 2452 adhibet

323 2492 533 2562 Poeta,
582 2512 785 2551 nonne
833 2512 906 2551 ea
957 2500 1068 2562 est,
1117 2493 1215 2551 eui
1263 2494 1458 2552 inesse
1511 2494 1786 2551 videatur
1838 2493 2126 2551 sanctitas

321 2593 595 2668 quaedam
628 2599 691 2650 et
722 2611 829 2650 sua
859 2611 1035 2669 paene
1069 2591 1398 2651 divinitas?
1445 2592 1569 2651 sive
1601 2611 1675 2651 ea
1710 2598 1961 2668 spectes,
1994 2611 2125 2667 quae

321 2691 481 2749 viam
526 2709 878 2767 processuro
923 2689 1000 2747 ab
1036 2689 1244 2747 inferis
1289 2695 1601 2758 sternunt3
1647 2689 1772 2745 sive
1812 2688 1997 2764 ipsius
2036 2689 2126 2744 in-

320 2789 593 2857 troitum,
627 2806 926 2864 vocesque
958 2794 1021 2846 et
1054 2787 1238 2845 verba
1266 2786 1616 2863 plenissima
1643 2793 1908 2863 paternae
1938 2793 2124 2861 atque

319 2884 503 2961 regiae
535 2883 886 2960 majestatis.
975 2882 1070 2940 En
1103 2902 1224 2959 quo
1256 2883 1552 2941 desiderio
1583 2889 1893 2940 mortuum
1924 2900 2125 2958 prose-

319 2988 588 3057 quuntur
616 2980 849 3039 nobiles
881 2980 1106 3049 Persae,
1137 2980 1323 3057 ipsius
1353 2980 1588 3040 sodales
1611 2977 1672 3036 d!

804 3125 848 3171 τί
867 3143 976 3170 ποτε
999 3127 1184 3182 Δαρεῖος
1203 3125 1284 3182 μὲν
1304 3125 1355 3170 οὒ

803 3198 952 3258 μήκετ’
975 3198 1181 3255 ἀβλαβὴς
1202 3199 1311 3256 ἐπῆν

803 3273 1023 3331 τόξαρχος
1045 3269 1292 3328 πολιήταις,

805 3346 1039 3393 Σουσίδαις
1059 3345 1198 3404 φίλος
1218 3344 1362 3403 ἄκτωρ
1376 3364 1391 3398 ;

405 3466 548 3536 Ubi,
611 3467 714 3543 (sit
772 3470 1122 3529 admonenti
1185 3471 1403 3548 venia,)
1466 3489 1588 3528 non
1647 3469 1826 3527 nimis
1886 3469 2117 3528 curiose

1062 3634 1079 3659 ἃ
1112 3636 1237 3679 Pers.
1263 3635 1366 3694 560.
