2320 4126
368 219 480 270 204
531 216 830 287 Odysseiam
855 217 931 271 ad
951 217 1248 272 universam
1281 218 1544 272 Graeciam
1557 219 1838 289 pertinere.
1886 239 2047 273 PRAEL.
2069 240 2165 278 xn.

371 364 632 441 viguisse
673 363 918 420 labente
963 362 1180 421 saeculo
1230 362 1525 431 Heroum,
1573 364 1844 439 sequitur
1888 373 1952 422 et
1995 365 2165 434 illud,

373 460 727 539 Odysseiam
773 462 902 537 ejus
943 480 1163 539 magna
1204 480 1281 518 ex
1327 468 1499 537 parte
1539 481 1634 520 res
1673 482 1929 532 narrare,
1962 463 2168 540 quales

369 560 497 637 ipse
522 559 710 617 oculis
735 561 856 618 suis
881 560 1120 629 viderit,
1138 559 1326 616 immo
1351 561 1536 617 etiam
1564 580 1835 637 quarum,
1861 562 1908 619 si
1934 562 2054 619 fors
2083 563 2170 620 ita

369 657 603 725 tulerit,
635 657 818 714 fuerit
849 658 976 733 ipse
1006 677 1131 714 non
1159 658 1413 716 minima
1447 678 1600 735 pars.
1662 659 1702 717 J
1705 679 1802 717 am
1835 666 1970 717 tum
2006 660 2168 718 enim

369 763 502 813 tota
535 755 768 814 Graecia
796 754 1072 813 inclinari
1109 763 1378 832 coeperat
1422 758 1753 816 auctoritas
1784 759 1962 836 regia,
1995 765 2059 816 et
2093 758 2170 816 ad

368 853 723 931 popularem
768 859 997 911 statum
1042 872 1290 932 vergere
1339 856 1560 924 omnia,
1606 876 1729 914 non
1775 858 1904 915 sine
1947 858 2170 935 gravis-

368 952 520 1011 sima
569 971 771 1010 rerum
822 953 1300 1029 perturbatione.
1390 952 1603 1031 Atque
1650 974 1726 1013 ea
1771 955 2171 1032 rerumpubli-

368 1070 575 1110 carum
623 1051 936 1109 conversio
982 1071 1105 1110 non
1151 1072 1284 1111 raro
1332 1053 1520 1112 fiebat
1566 1072 1675 1130 per
1717 1053 1993 1113 homines
2036 1074 2172 1131 pro-

368 1157 592 1222 terVOS,
616 1149 869 1217 facilius
894 1150 1145 1209 absente
1168 1151 1457 1228 principe,
1483 1159 1840 1230 grassantes.
1888 1152 2170 1212 Crebrius

366 1257 576 1308 autem
634 1250 766 1307 istis
825 1250 1201 1327 temporibus
1252 1250 1504 1308 aberant
1563 1270 1599 1308 a
1650 1252 1772 1309 suis
1823 1251 2171 1310 civitatibus

368 1347 582 1426 reguli,
607 1367 754 1406 cum
795 1354 858 1406 et
901 1347 1062 1406 bella
1105 1355 1400 1425 perpetua
1434 1349 1821 1426 gerebantur,
1857 1357 1921 1407 et
1965 1351 2173 1408 munia

368 1444 729 1503 bellantium
791 1445 995 1502 omnia
1052 1445 1129 1503 ab
1180 1446 1325 1522 ipsis
1376 1446 1783 1523 poscebantur
1837 1446 2173 1524 Imperato-

367 1544 550 1602 ribuS.
641 1543 763 1602 Fac
798 1544 985 1602 istum
1017 1543 1203 1602 fuisse
1243 1564 1447 1602 rerum
1478 1544 1942 1603 Hellenicarum
1984 1546 2171 1622 ipsius

367 1641 624 1700 Homeri
655 1650 929 1719 tempore
959 1649 1270 1712 tenorem3
1302 1642 1572 1713 habebis,
1605 1644 1767 1719 quod
1797 1663 1919 1701 non
1948 1662 2165 1720 parum

368 1740 685 1817 adjuvabit
715 1741 793 1798 ad
824 1740 1250 1818 explicandam
1282 1739 1589 1818 Odysseiae
1619 1742 1934 1800 rationem.

432 1838 740 1915 Equidem
763 1839 965 1897 nullus
986 1838 1267 1897 dubitare
1287 1837 1833 1917 sole0,0dysseiam
1852 1840 1928 1898 ad
1946 1841 2174 1917 majora

375 1938 650 2013 quaedam
698 1957 1037 2007 excurrere,
1085 1956 1266 2013 quam
1311 1957 1419 2014 pro
1465 1945 1649 2014 captu
1692 1938 1871 1996 unius
1911 1937 2170 1996 familiae.

370 2035 536 2105 Quin
577 2037 654 2094 ad
697 2036 988 2094 universae
1026 2036 1271 2095 Graeciae
1309 2036 1580 2094 fortunas
1625 2056 1760 2094 eam
1805 2054 2170 2114 magnopere

370 2135 674 2211 pertinere
720 2134 996 2193 dixerim.
1088 2134 1255 2192 Nam
1300 2135 1814 2211 quemadmodum
1866 2135 1929 2191 in
1975 2133 2168 2192 Iliade

371 2252 493 2290 non
523 2234 724 2311 agitur
754 2233 830 2290 de
860 2252 981 2290 uno
1011 2232 1139 2291 solo
1163 2231 1430 2302 Achille,
1461 2253 1672 2292 verum
1703 2234 1890 2292 etiam
1921 2234 1998 2291 de
2027 2233 2171 2291 belli

371 2336 599 2387 eventu
651 2330 922 2388 omnium
981 2350 1120 2407 quae
1179 2329 1375 2389 adhuc
1435 2329 1835 2408 flagraverant
1901 2330 2169 2398 maximi,

371 2429 568 2504 deque
600 2428 742 2487 fatis
775 2429 1031 2506 Europae
1060 2436 1244 2506 atque
1276 2427 1478 2488 Asiae:
1524 2429 1612 2487 ita
1641 2430 2034 2507 cogitandum
2077 2435 2171 2487 est

371 2526 433 2583 in
467 2525 762 2604 Odysseia
802 2547 921 2586 non
955 2528 1031 2585 de
1063 2527 1283 2606 Ulysse
1312 2534 1556 2586 tantum
1597 2533 1663 2585 et
1703 2526 1936 2598 Ithaca,
1968 2527 2072 2585 sed
2104 2533 2169 2585 et

372 2625 448 2683 de
495 2627 659 2683 omni
702 2627 936 2684 ratione
980 2645 1184 2684 rerum
1219 2626 1284 2683 in
1322 2625 1562 2684 Graecia
1599 2624 2170 2702 componendarum,

372 2725 694 2783 commotis
741 2732 812 2782 ut
859 2724 929 2782 fit
974 2724 1192 2782 animis
1239 2743 1347 2782 seu
1400 2724 1636 2782 diutina
1686 2722 2171 2802 peregrinatione

372 2822 672 2900 principis,
719 2842 827 2880 seu
869 2822 1115 2881 defectu
1158 2823 1337 2900 regiae
1382 2822 1600 2899 stirpiS,
1642 2840 1749 2880 seu
1793 2821 1974 2880 rebus
2017 2820 2169 2878 infe-

373 2921 570 2979 liciter
597 2922 803 2999 gestiS,
834 2940 941 2979 seu
971 2941 1331 2998 quocunque
1362 2922 1608 2979 demum
1641 2921 1843 2978 modo,
1934 2919 2171 2990 Quibus

374 3019 841 3096 tempestatibus
885 3038 1027 3076 cum
1070 3019 1173 3078 alii
1219 3020 1555 3089 extiterint,
1586 3019 1689 3095 qui
1721 3019 1863 3095 jura
1892 3017 2171 3076 Heroum

374 3125 661 3195 putarent
690 3119 1111 3186 conservanda,
1144 3136 1399 3193 eamque
1429 3137 1549 3194 prae
1580 3136 1643 3175 se
1674 3116 1902 3174 ferrent
1932 3115 2172 3192 reipub-

376 3216 506 3275 licae
554 3219 867 3285 rationem,
917 3235 1099 3292 quam
1150 3235 1290 3273 vere
1334 3214 1772 3273 circumscribit
1829 3233 1900 3273 ac
1957 3213 2171 3271 definit

377 3315 757 3393 Thucydides
773 3324 814 3384 a,
866 3314 959 3372 ἐπὶ
1011 3316 1202 3394 ῥητοῖς
1248 3309 1453 3392 γεράσι
1502 3312 1777 3392 πατρικὴν
1834 3311 2169 3384 βασίλειαν;

378 3412 479 3470 alii
523 3422 730 3472 autem
772 3415 875 3491 qui
918 3412 1086 3471 nulla
1128 3411 1418 3490 religione
1462 3431 1569 3470 seu
1613 3410 1814 3488 palam
1860 3409 2169 3468 traherent

1080 3634 1095 3652 ⁸
1115 3626 1324 3686 Tliucyd.
1347 3626 1377 3671 i.
1406 3639 1476 3683 13.
