2320 4126
336 199 448 250 240
659 198 753 250 An
782 214 948 250 ooeous
974 196 1214 249 carmina
1237 196 1503 267 scripserit
1527 194 1797 248 Homerus.
1839 212 1999 246 PRAEL.
2027 212 2139 246 x1v.

338 365 477 421 quae
528 341 732 400 Deum
780 342 1130 400 describunt
1187 342 1308 399 huc
1356 341 1502 399 illuc
1551 360 1671 417 prae
1717 340 1900 399 choro
1949 332 2141 398 sacer-

338 442 550 500 dotum
583 459 830 499 suorum
860 439 1237 506 volitantem,
1270 456 1409 495 cum
1442 437 1694 494 mirifica
1723 430 2060 516 e'vapyec'gzh:

581 561 668 607 ἕνθ’
692 562 738 606 ἐκ
760 562 860 618 νηὸς
882 559 1070 618 ὄρουσεν
1090 558 1214 614 ἅναξ,
1238 559 1445 618 ἑκάεργος
1463 557 1716 610 Ἀπόλλων,

578 635 735 694 ἀστέρι
757 635 993 691 εἰδόμενος,
1015 632 1139 691 μέσῳ
1163 634 1308 690 ἤματι·
1341 635 1420 677 τοῦ
1444 631 1480 676 δ’
1504 631 1590 677 ἀπὸ
1611 631 1781 676 πολλαὶ

581 708 868 766 σπινθαρίδες
888 711 1115 758 πωτῶντο,
1138 705 1281 752 σέλας
1303 705 1339 750 δ’
1364 706 1425 752 εἷς
1446 708 1631 765 οὕρανον
1650 705 1754 750 ἷκεν·

581 782 626 827 ἐς
648 780 684 825 δ’
708 782 868 824 ἄδυτον
891 779 1095 824 κατέδυνε
1117 780 1189 823 διὰ
1209 779 1431 836 τριπόδων
1453 778 1669 836 ἐριτίμων·

673 853 684 869 ’
714 854 736 872 ³!
763 852 774 867 ²
805 852 823 870 ‘l

578 930 729 985 πᾶσαν
751 927 799 971 δέ
822 927 994 986 Κρίσην
1015 928 1198 986 κάτεχεν
1219 927 1374 975 σέλας·
1409 928 1453 971 αἱ
1475 925 1512 971 δ’
1535 927 1758 985 ὀλόλυξαν

582 1001 807 1058 Κρισαίων
827 1001 1003 1059 ἄλοχοι,
1026 1001 1291 1057 καλλίζωνοί
1311 1020 1359 1045 τε
1381 999 1609 1060 θύγατρες,

581 1075 748 1129 Φοίβου
769 1075 854 1119 ὑπὸ
875 1074 1019 1133 ῥιπῆς·
1053 1074 1168 1134 μέγα
1187 1075 1273 1134 γὰρ
1296 1074 1394 1120 δέος
1415 1071 1534 1119 εἶλεν
1555 1073 1757 1119 ἕκαστον.

581 1149 704 1195 ἔνθεν
726 1148 762 1193 δ’
787 1148 879 1194 αὖτ’
903 1149 974 1193 ἐπὶ
997 1151 1091 1207 νῆα,
1115 1148 1235 1207 νόημ’
1260 1150 1331 1202 ὣς,
1355 1147 1466 1193 ἆλτο
1487 1148 1716 1201 πέτεσθαι,

582 1223 703 1282 ἀνέρι
726 1224 948 1282 εἶδόμενος
968 1223 1098 1286 ἀῖζηῴ
1121 1243 1169 1269 τε
1191 1227 1385 1284 κρατερῷ
1407 1243 1471 1276 τε,

578 1296 810 1355 πρωθήβῃ,
832 1297 988 1357 χαίτῃς
1008 1297 1234 1366 εἶλυμένος
1257 1297 1407 1357 εὐρέας
1428 1297 1584 1355 ὤμους.

340 1405 543 1474 Quare
604 1403 700 1461 vel
753 1423 831 1460 ex
890 1403 1006 1461 hoc
1065 1423 1187 1461 uno
1204 1387 1530 1480 'poemate
1589 1408 1790 1460 ratum
1849 1402 1907 1459 id
1969 1400 2143 1459 nobis

339 1504 653 1580 fixumque
682 1509 945 1571 maneat,
977 1502 1138 1579 quod
1185 1502 1442 1560 credidit
1488 1502 1682 1559 omnis
1718 1508 1877 1568 aetas,
1911 1519 2143 1559 caecum

340 1602 616 1661 extitisse
671 1602 1000 1660 Poetarum
1054 1602 1326 1659 omnium
1372 1601 1740 1678 principem:
1795 1607 1859 1657 et
1898 1600 2143 1676 quidem

339 1709 483 1760 ante
542 1701 829 1759 ultimum
889 1701 1220 1759 senectutis
1279 1720 1405 1759 81130
1465 1708 1725 1778 tempus,
1785 1720 1906 1776 qua
1963 1705 2142 1757 aetate

338 1808 580 1879 poterat
638 1801 837 1859 adhuc
897 1801 1175 1859 civitates
1234 1807 1298 1858 et
1356 1799 1581 1858 insulas
1640 1800 1822 1868 obire,
1873 1797 2143 1857 solennia

340 1901 659 1960 cantando.

444 1999 567 2058 Hic
649 2000 857 2058 statim
938 2001 1198 2058 occurrit
1272 2000 1524 2076 quaestio
1599 2018 1720 2056 non
1793 1998 2138 2075 injucunda,

338 2099 605 2157 fueritne
652 2098 962 2157 Homerus
1008 2099 1198 2157 oculis
1238 2100 1369 2175 jam
1411 2098 1659 2166 affectiS,
1703 2117 1842 2155 cum
1884 2117 1956 2155 ea
2000 2097 2142 2155 scri-

340 2196 511 2255 beret
578 2198 860 2265 carmina,
931 2198 1149 2273 quibus
1222 2217 1331 2255 nos
1399 2198 1581 2255 hodie
1651 2196 1923 2254 fruimur.
2041 2194 2139 2252 Ac

338 2296 534 2354 fateor
591 2297 890 2373 equidem,
939 2297 1135 2373 primo
1194 2296 1572 2354 intuentibus
1622 2296 1908 2354 obvenire
1967 2314 2141 2372 argu-

336 2401 546 2453 menta
592 2415 713 2452 non
761 2394 935 2463 levia,
984 2415 1092 2452 cur
1141 2395 1201 2452 id
1256 2396 1599 2472 negandum
1661 2413 1790 2452 esse
1843 2394 2137 2452 videatur.

337 2494 659 2564 Quomodo
701 2496 864 2552 enim
905 2514 1062 2552 caeco
1101 2494 1333 2552 homini
1376 2500 1717 2572 congruunt
1747 2500 1841 2552 tot
1871 2494 2136 2571 picturae,

339 2601 462 2652 tam
505 2595 740 2653 diverso
778 2613 1019 2672 genere,
1056 2594 1264 2663 forma,
1303 2593 1520 2662 colore,
1557 2600 1748 2662 motu,
1780 2598 1975 2671 gestU‚
2009 2600 2137 2650 tam

335 2695 498 2752 varie
535 2703 662 2753 tam
699 2702 981 2753 accurate
1028 2694 1325 2772 depictae?
1438 2693 1720 2752 Fortasse
1761 2701 1967 2751 autem
2007 2711 2134 2750 rem

334 2792 515 2851 altius
552 2795 857 2871 repetenti
903 2814 1024 2851 non
1071 2795 1186 2852 erit
1230 2813 1470 2871 prorsus
1505 2791 1877 2851 incredibile.
1970 2791 2135 2849 Nam

333 2894 379 2950 si
415 2894 546 2968 quis
578 2893 725 2950 velit
756 2893 1112 2970 profundius
1144 2894 1441 2971 respicere
1478 2894 1540 2950 in
1581 2893 1710 2970 ipsa
1750 2891 1972 2949 mentis
2010 2910 2135 2948 81130

332 2991 685 3068 penetralia,
731 2999 863 3048 tum
911 3011 1051 3050 cum
1098 2994 1365 3050 maxime
1413 2997 1833 3051 commovetur
1880 2989 2135 3050 Naturae

333 3089 580 3159 deliciis,
642 3090 916 3167 profecto
981 3091 1251 3149 inveniet
1320 3111 1444 3149 non
1508 3111 1581 3149 eo
1646 3091 1777 3167 ipso
1845 3088 2135 3166 temporis

331 3196 559 3266 puncto
617 3189 839 3246 formas
900 3189 1012 3247 sibi
1073 3190 1387 3248 distinctas
1447 3188 1772 3267 exsurgere
1830 3188 2132 3254 silvarum,

332 3307 641 3363 aquarum,
694 3288 1015 3356 montium,
1070 3296 1330 3358 caeteraS‚
1383 3309 1503 3366 quo
1553 3290 1761 3348 ordine
1809 3308 1910 3347 eas
1956 3288 2051 3347 vel
2100 3307 2136 3346 a

335 3384 527 3443 Poeta
556 3384 653 3443 vel
685 3405 721 3443 a
753 3383 998 3444 Pictore
1038 3387 1383 3445 adumbrari
1424 3394 1718 3464 oporteat.
1810 3371 1932 3445 Sed
1971 3394 2135 3474 post-

939 3509 955 3534 *¹
992 3509 1168 3569 Hymn.
1192 3509 1249 3555 ad
1272 3510 1406 3570 Apol.
1431 3525 1536 3567 440.
