2320 4126
262 260 422 295 Pam„
443 258 538 293 XX.
690 236 964 290 Teneriora
988 234 1223 305 quoedoem
1246 235 1309 287 de
1333 234 1617 304 kaiymzia.
1910 233 2017 288 373

260 402 467 461 genuae
489 398 834 457 magnaeque
862 377 1076 435 indolis
1096 376 1416 452 exemplar,
1435 376 1583 432 adeo
1608 375 1882 433 omnibus
1910 395 2020 432 nu-

260 478 437 535 meris
471 476 827 542 absolutum,
859 474 1017 550 quod
1058 473 1259 550 paucis
1298 472 1447 530 adeo
1477 471 1741 528 versibus
1771 471 1848 528 sit
1878 490 2018 528 con-

260 574 503 631 fectum.
593 572 733 629 Fuit
771 571 885 629 hoc
915 570 1193 628 videlicet
1224 570 1384 627 omni
1416 576 1684 644 tempore
1713 568 2018 644 primario-

259 689 392 727 rum
421 677 625 727 vatum
664 669 966 743 proprium
997 674 1060 724 et
1087 667 1471 743 praecipuum,
1503 673 1573 722 ut
1603 665 1760 741 quod
1791 666 2017 723 caeteris

259 773 386 822 erat
432 784 578 841 opus
621 766 886 823 diuturni
930 764 1145 822 laboris
1188 784 1256 822 ac
1299 763 1646 841 multiplicis
1688 763 2015 831 industriae,

258 863 318 920 id
348 882 453 938 per
482 882 582 921 eos
610 863 780 920 fieret
808 882 930 919 uno
961 862 1126 937 quasi
1156 862 1416 939 penicilli
1438 862 1628 939 jactu,

342 959 503 1019 Illud
558 969 842 1038 praeterea
903 959 1243 1037 religiosum
1300 960 1484 1017 habet
1542 958 2019 1035 Clytaemnestra,

258 1058 413 1132 quod
458 1057 623 1114 nullo
665 1077 784 1114 non
831 1064 1100 1131 tempore
1145 1076 1264 1132 prae
1307 1074 1370 1114 se
1414 1056 1545 1123 fert,
1587 1055 1868 1131 quicquid
1911 1073 2018 1131 per

257 1171 389 1210 eam
436 1155 539 1211 fiat
584 1155 646 1210 in
696 1154 979 1211 maritum
1025 1153 1282 1210 atrocius
1326 1159 1389 1210 et
1430 1153 1681 1229 gravius
1729 1152 1791 1209 id
1839 1170 2016 1209 omne

253 1249 496 1308 ultionis
525 1251 884 1326 justissimae,
914 1269 982 1307 ac
1028 1249 1237 1306 divinae
1281 1250 1542 1324 quidem,
1578 1248 1871 1306 rationem
1911 1248 2015 1306 ha·-

254 1345 412 1404 bere.
507 1346 644 1403 Hoc
694 1345 842 1402 illud
886 1351 1029 1412 erat,
1075 1345 1232 1420 quod
1278 1364 1399 1402 non
1442 1344 1621 1402 solius
1672 1343 2016 1421 Iphigeniae,

254 1464 457 1502 verum
506 1445 687 1502 etiam
740 1443 1085 1501 Cassandrae
1136 1450 1200 1500 et
1244 1442 1597 1519 Chryseidos
1645 1441 2015 1499 mentionem

254 1541 402 1599 adeo
431 1543 702 1600 acerbam
734 1540 983 1598 subinde
1012 1540 1203 1616 injicit
1222 1547 1284 1596 ⁰:

608 1669 741 1711 κεῖται
761 1667 959 1724 γυναικὸς
978 1666 1113 1723 τῆσδε
1133 1664 1434 1723 λυμαντήριος,

607 1739 864 1798 Χρυσηίδων
882 1739 1089 1797 μείλιγμα
1108 1743 1194 1783 τῶν
1214 1738 1282 1783 ὑπ’
1303 1738 1436 1798 Ἰλίῳ·

610 1812 639 1869 ἥ
657 1811 693 1856 τ’
715 1812 991 1869 αἰχμάλωτος
1011 1812 1087 1869 ἥδε
1108 1811 1176 1855 καὶ
1197 1813 1481 1869 τερασκόπος,

608 1883 677 1927 καὶ
698 1884 995 1941 κοινόλεκτρος
1013 1883 1153 1936 τοῦδε,
1175 1881 1510 1941 θεσφατὴλογος

606 1955 741 2012 πιστὴ
765 1955 979 2012 ξύνευνος.

255 2070 628 2147 Iphigeniam
659 2078 862 2129 autem
893 2071 1270 2139 nominando,
1299 2072 1498 2129 nescio
1528 2072 1842 2146 quomode,
1866 2072 2016 2128 mol-

251 2166 364 2223 lior
391 2166 461 2223 fit
490 2168 716 2235 eadem,
748 2186 817 2225 ac
846 2169 1084 2243 propior
1111 2167 1416 2225 muliebris
1446 2186 1650 2225 sensus
1669 2176 1695 2215 P
1718 2184 1732 2224 :

611 2286 712 2331 ἀλλ’
734 2287 837 2344 ἐμὸν
857 2287 903 2331 ἐκ
925 2286 1040 2332 τοῦδ’

605 2360 728 2417 ἔρνος
747 2359 912 2417 ἀερθὲν,
934 2360 1011 2416 τὴν
1029 2360 1333 2417 πολυκλαύτην

605 2430 863 2489 Ἰφιγένειαν
883 2432 1034 2489 ἀνάξια
1054 2432 1235 2489 δράσας,

607 2502 710 2558 ἄξια
729 2504 929 2560 πάσχων,
949 2503 1082 2559 μηδὲν
1102 2503 1147 2547 ἐν
1159 2502 1313 2548 Ἀιδου

602 2575 942 2633 μεγαλαυχείτω,
964 2574 1243 2634 ξιφοδηλήτῳ

606 2644 772 2705 θανάτῳ
794 2644 920 2692 τίσας
939 2645 1047 2704 ὅπερ
1067 2645 1210 2704 ἦρξεν.

254 2746 464 2816 Novit,
504 2754 574 2804 ut
617 2749 867 2818 videtur,
914 2750 1226 2826 AEschylus
1270 2750 1607 2808 dulcissimo
1651 2751 1820 2809 luctu
1859 2760 2013 2811 tem-

249 2863 453 2920 perare
482 2851 744 2902 atrocem
774 2847 1100 2915 materiam,
1133 2854 1343 2904 vocato
1374 2849 1436 2904 in
1464 2854 1661 2923 partes
1690 2851 2011 2908 tenerrimo

248 2941 453 2998 matris
500 2940 736 2999 affectu.
825 2940 1027 3018 Atque
1071 2944 1270 3012 etiam,
1317 2945 1420 3002 ubi
1463 2945 1729 3001 nondum
1775 2944 2010 3020 sepulto

247 3037 492 3113 indigna
520 3044 700 3114 atque
727 3057 931 3113 aspera
969 3040 1244 3108 minatur,
1276 3059 1396 3098 non
1430 3042 1608 3098 meris
1643 3041 1835 3098 utitur
1868 3060 2009 3098 con-

247 3132 446 3201 viciis3
494 3132 636 3207 quin
683 3133 1028 3193 mollissimo
1077 3137 1336 3195 carmine
1378 3138 1629 3213 perditae
1672 3137 1807 3196 filiae
1842 3138 2007 3214 quasi

251 3229 502 3286 naeniam
533 3228 768 3286 videtur
795 3248 1005 3289 canere
1025 3241 1084 3289 q:

1051 3353 1160 3410 πρὸς
1179 3352 1298 3410 ἡμῶν

605 3418 815 3473 κάππεσε,
832 3420 1024 3475 κάτθανε,
1047 3424 1115 3467 καὶ
1136 3422 1455 3483 καταθάψομεν,

428 3614 450 3636 0
481 3606 633 3663 Ayam.
662 3622 788 3666 1413.
989 3617 1012 3647 Ρ
1043 3611 1155 3655 Ibid.
1183 3623 1310 3665 1502.
1510 3620 1528 3646 ‘¹
1560 3613 1670 3658 Ibid.
1698 3625 1823 3672 1529.
