2320 4126
387 221 499 275 246
648 222 962 293 Odysseiam,
992 223 1055 277 ab
1080 225 1252 288 initio,
1277 223 1542 295 reliyioms
1565 232 1826 294 spectare
1904 236 2066 277 ΡΒΑῑιὀ
2087 235 2178 275 xv‘.

386 368 744 427 rudimentis
796 370 998 437 etiam,
1051 370 1378 445 primisque
1438 368 1623 426 initiis
1680 369 1992 446 utriusque
2053 388 2179 427 car·
2228 418 2234 422 .

384 467 583 537 miniS‚
631 474 908 524 tueretur
953 467 1147 524 Poeta
1193 467 1282 523 fas
1330 473 1394 524 et
1430 466 1570 542 jura
1616 468 2055 544 praecipuarum
2103 486 2176 524 eo

383 572 657 642 tempore
716 566 1112 643 religionum:
1181 565 1369 621 immo
1418 571 1482 622 et
1540 584 1747 623 earum
1795 565 2174 643 religionum,

382 681 530 737 quas
560 663 725 719 omni
756 669 1031 738 tempore
1059 662 1437 739 gravissimas
1466 657 1652 721 habet
1681 658 1969 721 naturalis
1992 670 2176 738 atque

380 779 523 818 vera
583 759 805 817 Pietas.
928 758 1094 816 Nam
1161 766 1225 817 et
1293 759 1464 818 Iliaci
1532 761 1874 839 argumenti
1940 780 2176 819 summa

378 858 645 915 maxime
676 857 751 914 ad
796 856 1148 934 religionem
1191 863 1461 934 spectat3
1507 857 1862 936 religionem
1892 853 2176 916 videlicet

378 953 624 1031 hospitii
660 973 769 1031 per
799 953 1081 1012 Paridem
1113 949 1358 1013 violati:
1406 975 1483 1013 ex
1525 976 1644 1033 quo
1689 957 1919 1015 factum
1961 962 2072 1024 est,
2103 962 2174 1012 ut

377 1072 576 1128 neque
645 1050 990 1129 reipublicae
1053 1049 1322 1129 Trojanae
1385 1073 1584 1130 neque
1640 1053 1826 1131 ipsius
1886 1052 2173 1111 Hectoris

376 1151 666 1208 sacrificia
702 1152 778 1209 ad
815 1151 1075 1209 exitium
1111 1153 1438 1210 arcendum
1471 1151 1758 1221 valerent,
1790 1152 1937 1228 quin
1972 1150 2171 1209 fatalis

375 1249 716 1307 exoriretur
758 1249 1051 1319 Achilles9
1098 1251 1200 1327 qui
1246 1270 1310 1309 se
1354 1258 1557 1309 totum
1602 1251 1774 1310 daret
1825 1250 2171 1310 ulciscendo

372 1346 623 1412 immani
675 1347 923 1427 flagitio,
1031 1348 1343 1426 Odysseiae
1396 1365 1538 1407 vero
1590 1368 1830 1426 prorsus
1879 1349 2171 1407 universae

371 1451 683 1505 texturam
722 1467 794 1506 eo
836 1449 1217 1525 potissimum
1247 1447 1350 1505 filo
1382 1448 1599 1507 deduci
1631 1449 1847 1507 videtis
1873 1471 1888 1516 ;
1936 1449 2061 1507 sive
2090 1447 2168 1506 ad

371 1545 606 1602 exitum
670 1544 906 1614 fabulae,
969 1546 1095 1603 sive
1163 1545 1239 1603 ad
1299 1545 1424 1603 vias
1491 1547 1822 1622 modosque
1887 1546 2169 1622 respiciat

368 1642 604 1719 aliquis,
636 1663 730 1702 res
761 1651 854 1702 est
885 1652 1030 1713 tota,
1065 1651 1292 1720 quanta
1321 1651 1548 1720 quanta
1578 1653 1688 1714 est,
1720 1643 2167 1722 praesentissimi

369 1748 435 1799 et
466 1742 682 1818 optimi
717 1742 1022 1801 Numinis.

456 1838 786 1920 Nimirum,
821 1841 914 1914 (id
938 1841 1099 1917 quod
1140 1859 1249 1898 nos
1291 1841 1477 1898 etiam
1521 1851 1704 1917 atque
1745 1841 1931 1899 etiam
1961 1840 2167 1898 docui-

366 1941 546 2017 mus,)
578 1940 640 1996 in
670 1939 775 1997 illo
800 1939 952 1997 situs
984 1946 1076 1997 est
1107 1939 1420 2016 Odysseiae
1451 1940 1671 2012 exituS‚
1701 1959 1823 1997 non
1858 1939 2054 1998 solum
2092 1945 2164 1997 ut

368 2033 618 2113 Ulysses
670 2037 743 2094 ad
795 2056 902 2096 sua
945 2038 1154 2095 redeat
1203 2036 1542 2106 incolumis,
1591 2056 1803 2096 verum
1855 2037 2042 2094 etiam
2092 2042 2163 2093 ut

358 2142 557 2210 'poenae
589 2136 926 2213 exigantur
965 2156 999 2194 e
1044 2136 1308 2194 nefando
1353 2155 1670 2212 procorum
1717 2142 1911 2204 coetu;
1972 2134 2160 2212 regni,

363 2231 627 2308 hospitii,
658 2235 920 2312 conjugii
940 2237 1080 2310 jura
1108 2236 1172 2320 in
1201 2241 1511 2311 posterum
1543 2242 1702 2292 sarta
1730 2240 1897 2292 tecta
1926 2252 2162 2292 conser-

364 2338 600 2389 ventur.
692 2331 833 2409 Ipso
875 2333 1154 2390 carminis
1199 2333 1372 2390 initio
1413 2333 1769 2410 proponitur
1803 2350 2001 2401 causa,
2033 2332 2161 2409 dig-

361 2427 606 2486 nissima
659 2450 796 2506 quae
851 2432 1052 2510 veniat
1110 2431 1174 2488 in
1232 2437 1504 2489 mentem
1562 2428 1705 2488 Jovi
1764 2437 1828 2489 et
1887 2429 2160 2488 Deorum

363 2526 636 2585 concilio.
727 2527 824 2586 Ac
875 2529 1093 2597 videte,
1149 2536 1375 2605 quanta
1422 2549 1562 2587 cum
1612 2530 1909 2606 gravitate
1966 2529 2161 2604 prima

363 2625 492 2700 ejus
543 2626 848 2702 injiciatur
894 2628 1143 2697 menti0,
1187 2647 1311 2685 non
1357 2627 1563 2686 dedita
1607 2647 1804 2704 opera,
1851 2628 1955 2685 sed
2000 2626 2158 2684 forte

362 2723 641 2798 quadam,
693 2725 1007 2783 occasione
1067 2725 1210 2784 data
1261 2716 1508 2803 propter
1565 2727 1791 2785 caedem
1842 2725 2156 2803 AEgisthia.

605 2848 724 2891 τοῖσι
746 2847 794 2891 δὲ
815 2845 963 2904 μύθων
983 2847 1095 2907 ἦρχε
1115 2848 1259 2907 πατὴρ
1281 2848 1452 2907 ἀνδρῶν
1470 2867 1518 2894 τε
1539 2849 1650 2894 θεῶν
1669 2862 1732 2894 τε·

601 2918 800 2976 μνήσατο
820 2921 906 2979 γὰρ
929 2922 1038 2966 κατὰ
1058 2921 1196 2979 θυμὸν
1215 2921 1434 2980 ἀμύμονος
1454 2922 1702 2982 Αἰγίσθοιο,

603 2993 680 3037 τὸν
699 2990 738 3050 ῥ’
760 2991 1131 3051 Ἀγαμεμνονίδης
1151 2994 1419 3052 τηλέκλυτος
1441 2994 1578 3040 ἔκταν’
1601 2994 1831 3053 Ὀρέστης·

603 3069 682 3111 τοῦ
705 3064 769 3125 ὅγ’
794 3067 1078 3125 ἐπιμνησθεὶς
1096 3066 1188 3113 ἕπε’
1211 3069 1470 3115 ἀθανάτοισι
1490 3068 1695 3127 μετηύδα·

668 3139 703 3183 ὦ
722 3142 875 3193 πόποι,
897 3138 990 3186 οἷον
1010 3140 1062 3198 δὴ
1085 3160 1134 3186 νυ
1156 3141 1280 3188 θεοὺς
1298 3143 1455 3200 βροτοὶ
1475 3143 1734 3188 αἰτιόωνται*

1459 3216 1774 3232 xxxxx

601 3286 776 3344 σφῆσιν
795 3286 1121 3345 ἀτασθαλιῆσιν
1141 3287 1390 3347 ὑπέρμορον
1410 3287 1533 3348 ἄλγε’
1556 3289 1755 3348 ἔχουσιν.

600 3360 658 3404 ὣς
677 3359 747 3403 καὶ
768 3363 842 3405 νῦν
863 3359 1078 3421 Αἴγισθος
1099 3362 1347 3422 ὑπέρμορον
1365 3361 1596 3422 Ἀτρείδαο

597 3431 696 3490 γῆμ’
718 3432 886 3492 ἄλοχον
905 3435 1116 3492 μνηστὴν,
1139 3437 1215 3481 τὸν
1236 3435 1273 3480 δ’
1296 3436 1445 3482 ἔκτανε
1467 3436 1760 3494 νοστήσαντα,

598 3505 722 3551 εἰδὼς
742 3505 871 3553 αἵπυν
892 3507 1091 3566 ὄλεθρον·
1126 3510 1220 3554 ἐπεὶ
1240 3512 1327 3567 πρό
1349 3511 1390 3554 οἶ
1412 3509 1588 3569 εἴπομεν
1607 3511 1743 3568 ἡμεῖς,

1105 3639 1122 3657 ’
1156 3632 1247 3677 Od.
1271 3633 1301 3677 i.
1326 3647 1400 3690 29.
