2320 4126
366 183 439 238 36
541 185 684 249 thd
695 185 753 236 in
769 185 844 236 M
839 185 996 237 asiais
998 185 1220 255 proprie
1235 184 1526 255 appelletur
1542 185 1813 238 Poetioum
1832 205 1843 237 :
1894 205 2056 238 PRAEL.
2079 205 2163 238 111.

368 330 780 388 disserendum
820 331 967 389 erit:
1017 350 1157 388 cum
1199 351 1306 408 pro
1347 338 1480 390 rato
1527 350 1736 389 omnes
1767 331 2047 398 habeant,
2081 333 2170 390 ita

366 426 564 502 plane,
596 428 763 503 quasi
810 428 1156 505 gemellam,
1198 448 1528 506 congruere
1574 449 1714 486 cum
1755 428 1931 485 Poesi
1972 427 2171 485 Musi-

365 545 518 595 cam,
566 527 614 582 si
667 527 921 584 subtiles
965 528 1302 584 animorum
1350 526 1562 595 flexus,
1606 537 1675 584 ut
1719 546 1934 584 vocum
1976 526 2164 594 Echo,

363 623 439 680 de
491 624 820 701 longinquo
880 624 1103 682 referat
1157 626 1510 702 reddatque.
1621 625 1924 701 Equidem
1982 644 2169 701 saepe-

361 741 615 779 numero
661 722 862 779 mirari
905 722 1085 791 sole0,
1134 744 1240 781 cur
1283 725 1343 780 in
1394 724 1508 782 hac
1561 724 1941 800 potissimum
1990 723 2168 780 disci-

360 818 525 894 plina
566 818 866 875 artificum
918 819 1261 876 discrimina
1301 820 1565 876 sentiant
1612 818 1914 893 imperiti:
1961 818 2048 874 ita
2092 826 2165 873 ut

359 915 607 973 alterius
655 917 891 972 numeri
940 917 1226 991 modique
1272 916 1580 973 mentibus
1621 914 1785 992 vulgi
1825 914 2166 972 diutissime

358 1015 704 1082 inhaereant,
760 1014 1024 1081 alteriuS,
1078 1034 1156 1071 ne
1217 1034 1390 1072 aures
1443 1015 1706 1090 quidem,
1760 1014 1872 1071 nisi
1934 1014 2162 1081 doctaS,

358 1113 535 1171 ferire
565 1114 814 1190 possint.
884 1112 958 1169 Id
983 1113 1275 1191 cogitanti
1302 1113 1546 1170 demum
1574 1113 1833 1170 occurrit
1856 1132 1870 1181 ;
1917 1132 2159 1170 cursum

357 1206 531 1265 illum
564 1216 627 1265 et
657 1229 1033 1286 progressum
1081 1229 1383 1278 sonorum,
1417 1229 1616 1285 quem,
1651 1217 1720 1266 ut
1759 1209 1985 1284 opinor,
2021 1208 2162 1265 Me·-

355 1304 577 1362 lodiam
625 1314 995 1383 nuncupant,
1038 1307 1273 1365 facilius
1314 1306 1760 1383 quodammodo
1805 1320 1988 1382 atque
2035 1306 2162 1364 effi-

356 1405 555 1463 cacius
607 1406 667 1461 in
721 1425 894 1463 aures
954 1413 1137 1482 atque
1197 1407 1259 1462 in
1317 1412 1588 1463 mentem
1650 1404 1920 1473 influere,
1975 1424 2157 1481 quam

355 1510 595 1572 caetera,
629 1524 766 1580 quae
799 1505 1105 1580 pertinent
1136 1505 1211 1562 ad
1254 1524 1406 1571 eam,
1439 1524 1574 1580 quae
1609 1504 1947 1562 Harmonia
1982 1523 2159 1562 voca-

352 1607 484 1659 tur:
551 1622 681 1678 quae
735 1609 826 1668 est
866 1603 1175 1679 implicata
1211 1604 1484 1678 quaedam
1527 1622 1745 1660 vocum
1794 1601 2157 1678 complexi0‚

353 1700 654 1776 certisque
698 1700 933 1777 legibus
970 1701 1171 1759 efficta
1195 1704 1500 1777 junctura,
1539 1701 1810 1778 pluribus
1849 1720 1971 1758 uno
2001 1708 2159 1758 tem-

351 1818 496 1873 pore
527 1800 1004 1857 concinentibus,
1065 1799 1187 1870 Qui
1219 1821 1359 1878 ergo
1386 1799 1611 1877 populo
1635 1799 1894 1876 placent,
1921 1807 2154 1867 cantm,

351 1916 563 1955 vereor
591 1917 668 1955 ne
705 1898 856 1955 serie
889 1898 1261 1975 plerumque,
1287 1919 1407 1955 non
1431 1919 1611 1967 neXU,
1637 1899 1951 1976 placeant:
1996 1897 2158 1956 Har-

349 1997 570 2053 moniae
587 1996 749 2054 illius
767 1997 1122 2074 multiplicis
1143 1999 1461 2076 magistros
1479 1998 1654 2074 pauci
1677 1998 1859 2055 modo
1884 1997 2152 2066 laudant,

346 2094 510 2169 iique
541 2094 750 2153 selecti
783 2096 1027 2171 quidam
1048 2097 1303 2172 judices.
1379 2096 1730 2166 Quinetiam
1764 2079 1850 2153 ita
1879 2095 2151 2165 laudant,

347 2199 417 2249 ut
449 2193 736 2260 indicent,
768 2214 889 2251 non
922 2202 1097 2252 extra
1126 2203 1319 2253 artem
1352 2214 1415 2253 se
1452 2195 1726 2272 evagari:
1772 2195 1976 2264 iidem,
2009 2215 2149 2252 cum

347 2289 423 2346 ad
471 2290 835 2367 simpliciora
871 2299 1123 2351 ventum
1170 2300 1280 2362 est,
1320 2294 1462 2351 hinc
1502 2293 1670 2351 illinc
1718 2295 1900 2352 verba
1943 2302 2151 2352 mutu-

346 2395 541 2457 antur,
588 2390 635 2447 si
682 2410 813 2466 quae
865 2391 1119 2449 inveniri
1173 2393 1403 2468 possint
1457 2393 1778 2450 commotis
1830 2392 2149 2451 affectibus

347 2487 489 2544 satis
541 2495 702 2564 apta.
796 2489 1124 2558 Nimirum,
1176 2498 1247 2547 ut
1306 2489 1410 2548 ille
1471 2498 1683 2567 captus
1743 2490 1947 2558 oculiS,
2004 2511 2144 2548 cum

344 2584 509 2660 loqui
551 2586 737 2644 vellet
780 2588 855 2645 de
894 2608 1196 2665 purpureo
1239 2588 1455 2658 colore,
1503 2590 1615 2647 sibi
1662 2590 1907 2666 quidem
1956 2590 2144 2647 videri

344 2702 483 2740 eum
527 2685 682 2743 dixit
724 2686 1060 2765 clangentis
1101 2687 1265 2744 tubae
1309 2688 1711 2764 persimilem:
1775 2689 1862 2746 ita
1910 2688 2148 2747 laborat

342 2780 658 2839 hominum
691 2796 906 2854 sermO,
939 2786 1256 2843 doctorum
1298 2787 1522 2862 pariter
1566 2807 1635 2845 ac
1680 2788 1940 2855 rudium,
1973 2807 2143 2845 enar-

342 2879 528 2935 rando
560 2881 701 2954 quid
736 2883 847 2939 sibi
880 2883 1070 2940 velint
1102 2884 1469 2942 musicorum
1512 2886 1636 2943 sive
1678 2886 1935 2943 acriores
1975 2887 2140 2943 modi

343 2975 468 3033 sive
511 2978 835 3063 molliores
924 2982 1062 3050 Quo
1094 2984 1235 3058 quid
1283 2983 1445 3040 aliud
1493 2985 1605 3042 nisi
1637 2985 1920 3051 fatentur,
1954 2987 2139 3043 etiam

342 3073 401 3130 in
441 3094 513 3131 eo
549 3095 771 3152 genere
811 3079 859 3134 si
905 3080 1000 3135 cui
1043 3079 1199 3137 bene
1240 3100 1333 3138 res
1374 3082 1570 3149 ierint,
1602 3101 1742 3139 eum
1790 3103 1909 3140 non
1955 3086 2139 3142 modo

341 3186 605 3228 servasse
667 3174 811 3231 artis
874 3175 1206 3243 modulum,
1267 3196 1336 3233 ac
1397 3177 1656 3234 delicate
1719 3198 1788 3235 ac
1851 3187 2141 3254 potenter

341 3267 612 3336 variasse,
655 3271 759 3327 sed
806 3273 989 3330 etiam
1030 3275 1254 3331 mentis
1291 3274 1571 3332 humanae
1616 3276 1950 3351 penetralia
1994 3298 2137 3336 vere

337 3380 409 3420 ac
441 3365 699 3424 feliciter
727 3371 1130 3446 expressisse?
1171 3373 1230 3429 id
1264 3374 1422 3448 quod
1456 3382 1519 3430 et
1549 3374 1880 3431 harmoniae
1904 3377 2135 3452 perfec-

340 3462 584 3521 tissimae
625 3468 932 3526 cumulum
974 3472 1250 3547 imponit,
1282 3480 1346 3529 et
1377 3491 1543 3548 saepe
1575 3472 1850 3541 efficitur,
1890 3482 2135 3532 tacente

337 3579 574 3635 prorsus
627 3563 953 3634 harmonia,
995 3589 1102 3645 per
1145 3569 1479 3646 simplicem
1520 3589 1805 3628 sonorum
1854 3573 2126 3630 ordinem
