2320 4126
327 220 437 273 362
504 221 895 291 Compommtur
920 220 1141 273 diversae
1167 222 1228 275 de
1254 222 1532 294 Iphiyenia
1559 223 1815 276 Picturae.
1869 243 2028 276 PRAEL.
2041 245 2132 276 xx.

329 370 578 429 metheo
598 371 725 448 jam
758 379 901 428 ante
926 371 1289 447 deprompsi,
1314 391 1433 447 quo
1459 379 1738 448 tempore>
1758 372 2134 450 AEschylum‚

327 469 690 548 Pythagorae
721 489 942 546 nempe
975 469 1358 546 discipulum,
1391 470 1681 528 docebam
1716 479 1847 528 tum
1881 472 1957 529 ab
1992 472 2136 549 Epi*-

326 589 646 628 cureorum
692 568 1028 653 dementia,
1052 575 1183 627 tun]
1225 588 1260 625 a
1296 568 1466 626 fatali
1510 570 1873 628 necessitate
1918 570 2140 628 abhor-

323 670 528 727 ruisse.
632 668 814 738 Quod
875 675 1084 726 autem
1139 667 1424 736 diximuS,
1479 667 1949 747 Agamemnoni,
2009 690 2135 727 non*

322 769 433 845 ipsi
484 767 833 845 Iphigeniae,
888 767 1166 826 consulto
1219 767 1442 845 primas
1501 769 1563 825 in
1617 768 1732 826 hac
1783 769 2135 827 narratione

323 868 535 925 tribui:
586 868 945 935 consentiet,
978 867 1206 944 opinor,
1239 887 1499 936 mecum,
1533 869 1800 945 quisquis
1847 868 1950 926 ille
1992 869 2133 939 erit,

322 967 426 1043 qui
457 966 810 1045 diligentius
841 967 1003 1024 inter
1033 985 1096 1024 se
1128 965 1276 1023 velit
1308 966 1581 1024 conferre
1604 966 1978 1045 AEschylum,
2006 967 2134 1025 Lu-¹

322 1066 599 1135 cretium,
633 1064 1006 1142 Euripidem,
1040 1064 1486 1123 laudatissimos
1518 1072 1682 1124 certe
1713 1067 1776 1123 in
1806 1066 1922 1125 hoc
1953 1087 2128 1145 argu-

320 1171 530 1222 mento
577 1164 916 1241 scriptores
1010 1163 1108 1222 Ex
1147 1164 1366 1241 quibus
1405 1163 1724 1242 Iphigenia
1764 1165 2130 1223 Lucretiana

314 1265 482 1341 capit
520 1264 789 1322 animum
834 1263 1092 1341 simplici
1134 1264 1371 1342 pictura
1402 1271 1465 1322 et
1497 1263 1659 1322 dulci
1691 1265 1951 1342 quadam
1983 1264 2135 1345 ἀφε-

319 1364 443 1439 λείᾳ
469 1381 483 1422 2

564 1461 682 1511 Quae
705 1461 842 1507 simul
862 1461 1008 1506 infula
1028 1460 1257 1520 virgineos
1280 1460 1563 1506 circumdata
1584 1461 1731 1506 crines

563 1538 634 1582 Ex
655 1543 850 1596 utraque
872 1536 1010 1581 simul
1030 1536 1255 1581 malarum
1276 1542 1403 1594 parte
1423 1535 1611 1594 profusa
1632 1543 1715 1589 est,

563 1612 624 1656 Et
645 1618 863 1656 moestum
885 1610 1023 1655 simul
1044 1617 1148 1655 ante
1169 1625 1268 1654 aras
1291 1609 1469 1655 adstare
1490 1617 1724 1668 parentem

564 1685 731 1739 Sensit,
755 1693 798 1730 et
819 1685 945 1730 hunc
967 1691 1153 1744 propter
1172 1684 1346 1729 ferrum
1369 1685 1510 1729 celare
1532 1684 1789 1738 ministros,

562 1760 698 1806 Muta
719 1767 845 1805 metu
865 1767 1033 1805 terram
1054 1759 1250 1820 genibus
1274 1759 1520 1803 summissa
1540 1758 1741 1817 petebat,

561 1835 660 1879 Nec
681 1834 860 1879 miserae
881 1833 1098 1892 prodesse
1120 1833 1169 1877 in
1189 1832 1269 1878 tali
1289 1839 1494 1891 tempore
1516 1833 1674 1892 quibat

564 1908 704 1958 Quod
724 1909 873 1968 patrio
894 1908 1105 1967 princeps
1129 1906 1319 1952 donarat
1340 1907 1526 1951 nomine
1546 1922 1718 1965 regem.

321 2016 553 2074 Eadem
601 2021 812 2073 contra
852 2014 1014 2092 apud
1057 2013 1409 2091 Euripidem
1458 2013 1648 2072 nobili
1691 2021 1754 2072 et
1795 2013 1956 2071 elato
2006 2032 2133 2071 ser-·

318 2134 519 2183 mone,
554 2114 659 2172 sed
695 2113 899 2192 paullo
941 2114 1141 2171 forsan
1182 2112 1610 2182 ambitiosiore,
1646 2112 1953 2171 theatrum
1991 2130 2131 2188 per-

319 2209 546 2271 cellitk‚

865 2294 943 2339 οὐκ
965 2295 1021 2339 ἐῶ
1044 2294 1222 2350 στάζειν
1243 2293 1394 2352 δάκρυ·

681 2370 803 2428 ὑμεῖς
824 2367 862 2414 δ’
886 2366 1237 2428 ἐπευφημήσατ’,
1261 2367 1295 2412 ὦ
1317 2366 1521 2420 νεάνιδες,

683 2445 843 2488 παιᾶνα
863 2445 916 2499 τῇ
937 2441 1011 2500 ’μῇ
1036 2442 1262 2501 ξυμφορᾷ,
1287 2441 1393 2486 Διὸς
1415 2442 1547 2499 κόρην

669 2516 898 2577 ”Αρτεμιν·
932 2515 1013 2562 ἰ’τω
1036 2517 1084 2561 δὲ
1107 2512 1342 2562 Δαναΐδαις
1363 2514 1576 2574 εὐφημίᾳ.

682 2594 790 2637 κανᾶ
813 2591 848 2636 δ’
870 2591 1127 2651 ἐναρχέσθω
1149 2610 1229 2644 τις,
1253 2589 1447 2636 αἰθέσθω
1471 2590 1519 2634 δέ
1539 2592 1628 2647 πῦρ

679 2665 923 2725 προχύταις
944 2665 1245 2724 καθαρσίοισι,
1269 2665 1339 2709 καὶ
1359 2664 1504 2722 πατὴρ
1528 2663 1630 2722 ἐμὸς

680 2740 974 2800 ἐνδεξιούσθω
993 2742 1160 2799 βωμόν·
1194 2740 1253 2786 ὣς
1275 2739 1497 2798 σωτηρίαν

672 2814 873 2873 ’Ἐλλησι
895 2814 1090 2861 δώσουσ’
1114 2815 1300 2874 ἔρχομαι
1322 2814 1576 2872 νικηφόρον·

739 2888 871 2948 ἄγετέ
888 2908 943 2948 με
966 2890 1046 2934 τὰν
1065 2887 1203 2933 Ἰλίου

742 2963 813 3007 καὶ
834 2968 1020 3022 Φρυγῶν
1041 2961 1292 3008 ἑλέπτολιν.

317 3062 547 3123 Videte
587 3067 815 3130 autem,
860 3081 939 3119 an
983 3061 1145 3138 apud
1176 3057 1532 3136 AEschylum
1579 3061 1876 3125 nostrum,
1907 3074 1985 3113 ex
2031 3069 2127 3113 ra-

314 3165 483 3222 tione
537 3162 809 3220 omnium
857 3160 1219 3227 dulcissima,
1275 3167 1579 3235 quamque
1633 3155 1762 3231 ejus
1813 3154 2123 3221 dramatis,

315 3265 543 3341 opinor,
575 3281 813 3320 summa
842 3258 1207 3337 postulabat,
1239 3257 1304 3315 in
1349 3263 1522 3334 patre
1566 3255 1761 3332 magis
1793 3259 2125 3321 mactante,

314 3383 494 3439 quam
526 3363 588 3419 in
620 3361 749 3439 ipsa
781 3361 1046 3427 victima,
1078 3364 1404 3416 teneantur
1434 3356 1619 3414 animi
1644 3351 1674 3410 ¹.

677 3485 802 3530 λιτὰς
824 3484 870 3528 δέ
894 3483 964 3528 καὶ
986 3482 1200 3539 κληδόνας
1222 3478 1452 3541 πατρῴους

678 3558 777 3618 παρ’
803 3558 943 3611 οὐδὲν,
968 3556 1101 3602 αἷῶνα
1121 3554 1378 3613 παρθενείον
1400 3552 1452 3605 τ’,

496 3690 519 3721 ¹<
551 3692 647 3748 Iph.
673 3692 715 3734 in
741 3691 842 3734 Aul.
872 3700 1000 3746 1477.
1592 3680 1605 3712 ¹
1640 3681 1793 3738 Ayam.
1819 3692 1920 3723 220.
