2320 4126
335 202 447 253 252
516 203 602 255 De
626 202 899 268 Minerva,
926 204 1199 258 tumultum
1225 204 1572 260 Ithacensium
1595 206 1815 262 sedante.
1859 226 2018 263 PRAEL.
2039 226 2130 263 XV.

423 347 544 418 Qui
589 356 798 411 autem
839 369 1066 417 eorum,
1108 357 1311 428 spreto
1357 350 1694 422 admonitU,
1738 361 1946 430 petere
1991 364 2132 414 sunt

334 447 464 504 ausi
516 466 717 506 casam
779 447 1032 516 Laertis,
1085 448 1196 506 hos
1255 468 1377 506 uno
1439 447 1546 507 teli
1593 449 1786 526 jactu,
1850 450 2133 513 Minerva

333 543 634 614 hortante,
676 546 859 604 vertit
906 546 970 603 in
1013 546 1223 623 fugam
1267 564 1476 616 senex,
1523 565 1675 606 caeso
1722 548 1955 608 scilicet
2001 548 2133 608 An-

333 642 485 700 tinoi
537 649 728 719 patre,
773 643 876 719 qui
920 642 1150 719 primus
1193 643 1270 702 ad
1315 663 1483 703 arma
1518 645 1735 723 vulgus
1780 647 2130 706 concitarat.

334 739 574 799 Deinde
609 741 951 799 universam
992 742 1148 819 regis
1187 751 1250 800 et
1295 742 1502 819 populi
1546 741 1719 803 li'tem
1761 746 1974 803 eadem
2009 745 2133 804 Mi-

332 857 517 896 nerva
551 840 902 917 gravissime
946 841 1276 917 componit,
1317 839 1604 901 adhibitis
1639 844 1953 920 portentiS,
1994 864 2132 921 quae

331 936 373 994 J
376 956 552 995 ovem
606 935 928 1014 Optimum
972 936 1322 997 Maximum
1371 958 1491 997 non
1541 939 1722 1019 longe
1770 943 1978 1006 abesse
2030 943 2133 1001 de-

331 1033 727 1095 monstrentk.

572 1159 643 1204 καὶ
665 1158 715 1205 νύ
737 1178 784 1204 κε
805 1159 858 1217 δὴ
879 1161 1043 1207 πάντας
1063 1159 1099 1205 τ’
1124 1159 1292 1207 ὄλεσαν
1313 1161 1383 1206 καὶ
1402 1159 1563 1220 ἔθηκαν
1583 1162 1814 1215 ἀνόστους,

572 1234 612 1279 εἷ
631 1234 690 1292 μὴ
710 1232 933 1292 Ἀθηναίη,
957 1233 1088 1292 κούρη
1113 1235 1217 1280 Διὸς
1236 1235 1473 1294 αἰγιόχοιο,

572 1309 710 1364 ἤϋσεν
730 1308 875 1367 φωνῇ,
899 1307 1007 1352 κατὰ
1028 1305 1066 1352 δ’
1085 1304 1252 1365 ἔσχεθε
1271 1309 1383 1352 λαὸν
1403 1308 1585 1353 ἅπαντα·

570 1378 764 1438 ἴσχεσθε
783 1379 1024 1438 πτολέμου,
1043 1379 1302 1438 Ἰθακήσιοι,
1323 1380 1579 1441 ἀργαλέοιο,

573 1454 632 1499 ὥς
653 1471 725 1497 κεν
745 1452 954 1511 ἀναιμωτί
972 1472 1025 1513 γε
1046 1454 1331 1513 διακρινθεῖτε
1352 1455 1562 1514 τάχιστα.

573 1528 631 1573 ὣς
650 1525 755 1587 φάτ’
776 1525 998 1584 Ἀθηναίη·
1031 1528 1134 1575 τοὺς
1154 1527 1202 1573 δὲ
1222 1529 1402 1588 χλωρὸν
1422 1529 1521 1576 δέος
1541 1527 1676 1575 εἷλεν·

572 1605 659 1645 τῶν
680 1600 717 1645 δ’
740 1600 826 1659 ἄρα
846 1601 1087 1647 δεισάντων
1107 1601 1154 1646 ἐκ
1174 1607 1337 1660 χειρῶν
1355 1600 1518 1648 ἔπτατο
1539 1602 1712 1662 τεύχεα·

571 1675 714 1720 πάντα
735 1673 772 1719 δ’
796 1674 869 1720 ε’πὶ
887 1674 1017 1733 χθονὶ
1035 1674 1185 1728 πίπτε,
1208 1675 1311 1723 θεᾶς
1331 1675 1418 1721 ὄπα
1439 1677 1727 1735 φωνησάσης·

571 1750 684 1807 πρὸς
705 1747 754 1793 δὲ
774 1750 909 1793 πόλιν
929 1753 1182 1806 τρωπῶντο,
1203 1750 1477 1807 λιλαιόμενοι
1498 1748 1684 1805 βιότοιο·

572 1821 851 1882 σμερδαλέον
870 1821 908 1868 δ’
931 1823 1097 1880 ἐβόησε
1117 1821 1344 1870 πολύτλας
1365 1824 1458 1871 δῖος
1475 1822 1739 1877 Ὀδυσσεὺς,

573 1896 757 1956 οἴμησεν
778 1897 826 1942 δὲ
847 1897 985 1950 ἀλείς,
1008 1896 1115 1943 ὥστ’
1140 1895 1284 1944 αἵετος
1304 1897 1581 1957 ὑψιπετήεις.

573 1971 644 2015 καὶ
665 1972 767 2015 τότε
790 1969 842 2027 δὴ
865 1968 1079 2029 Κρονίδης
1098 1969 1222 2029 ἀφίει
1242 1970 1471 2029 ψολόεντα
1492 1972 1714 2028 κεραυνόν,

572 2043 665 2089 κὰδ’
689 2043 726 2089 δ’
750 2045 886 2090 ἔπεσε
905 2044 1081 2103 πρόσθε
1103 2044 1415 2091 Γλαυκώπιδος
1435 2044 1779 2103 ὀβριμοπάτρης.

572 2117 626 2175 δή
648 2117 736 2163 τοτ’
758 2116 995 2176 Ὀδυσσῆα
1014 2117 1229 2177 προσέφη
1249 2117 1502 2178 γλαύκωπις
1521 2116 1699 2176 Ἀθήνη.

573 2191 779 2251 Διογένες
797 2191 1050 2249 λαερτίαδη,
1073 2190 1349 2251 πολυμήχαν’
1371 2190 1616 2245 Ὀδύσσευ,

571 2263 719 2324 ἴσχεο,
741 2267 854 2310 παῦε
875 2264 923 2309 δὲ
946 2266 1085 2312 νεῖκος
1106 2261 1276 2322 ὁμοιΐου
1296 2264 1527 2323 πολέμοιο·

570 2336 725 2395 μήπως
744 2356 813 2382 τοι
834 2337 1050 2396 Κρονίδης
1070 2339 1371 2397 κεχολώσεται
1393 2337 1587 2396 εὗρυόπα
1608 2335 1729 2383 Ζεύς.

572 2413 631 2459 ὣς
651 2410 756 2471 φάτ’
777 2410 1001 2468 Ἀθηναίη·
1037 2413 1061 2455 ὁ
1083 2409 1121 2456 δ’
1146 2410 1359 2464 ἐπείθετο,
1381 2413 1511 2469 χαῖρε
1533 2410 1581 2454 δὲ
1604 2409 1743 2468 θυμῷ.

571 2484 698 2543 ὅρκια
719 2483 756 2529 δ’
780 2483 834 2529 αὖ
857 2484 1098 2530 κατόπισθε
1119 2483 1212 2542 μετ’
1235 2483 1559 2543 ἀμφοτέροισιν
1578 2482 1731 2540 ἔθηκεν

571 2559 760 2605 Πάλλας
777 2557 1001 2615 Ἀθηναίη,
1025 2555 1157 2615 κούρη
1181 2557 1287 2603 Διὸς
1307 2556 1541 2615 αἰγιόχοιο,

572 2632 766 2691 Μέντορι
786 2631 1000 2691 εἰδομένη,
1022 2629 1130 2690 ἡμὲν
1150 2630 1298 2689 δέμας,
1322 2628 1399 2688 ἠδὲ
1420 2629 1491 2675 καὶ
1512 2626 1662 2686 αὐδήν.

331 2738 428 2796 Ea
486 2737 804 2813 majestate
869 2755 964 2794 res
1029 2735 1245 2813 agitur,
1306 2741 1378 2792 ut
1450 2734 1702 2791 fortasse
1774 2730 2125 2788 nonnemini

330 2836 559 2914 legenti
636 2836 701 2893 in
769 2841 1045 2893 mentem
1120 2839 1367 2892 revocet
1443 2830 1881 2890 sanctissimam
1957 2828 2126 2886 illam

328 2934 549 2992 summi
600 2933 926 2991 sacerdotis
975 2950 1314 3009 personam,
1365 2937 1602 3008 pestem
1660 2926 1990 2986 avertentis
2048 2926 2126 2985 ab

328 3032 514 3108 impia
556 3031 598 3089 J
599 3032 909 3089 udaeorum
952 3030 1148 3107 plebe,
1193 3036 1378 3105 atque
1428 3028 1492 3085 in
1546 3024 1866 3085 intervallo
1911 3024 2126 3082 stantis

330 3131 605 3188 vivorum
664 3148 982 3206 corporum
1043 3135 1107 3186 et
1166 3121 1588 3186 mortuoruml.
1678 3122 1924 3183 Videtis
1982 3139 2126 3178 vero

328 3227 659 3286 clausulam
718 3226 885 3285 illam
944 3215 1144 3283 minus
1203 3222 1520 3282 commode
1578 3218 1845 3296 potuisse
1904 3216 2126 3285 omitti,

327 3326 625 3402 siquidem
683 3326 747 3382 in
798 3324 993 3383 turbis
1050 3323 1169 3381 illis
1222 3319 1570 3380 domesticis
1626 3316 1938 3394 implicata
1995 3321 2126 3371 erat

328 3442 507 3482 causa
535 3423 937 3481 maximarum
978 3423 1040 3480 in
1077 3419 1386 3498 republica
1424 3417 1780 3476 nationum:
1827 3413 2125 3490 siquidem

448 3612 466 3638 ¹‘
501 3612 593 3658 Od.
616 3614 737 3658 xxiv.
761 3613 865 3671 528.
1480 3607 1494 3632 ¹
1529 3606 1672 3650 Num.
1695 3603 1787 3649 xvi.
1811 3601 1899 3647 sub
1921 3600 2001 3645 fin.
