2320 4126
377 212 488 266 266
626 212 883 265 Homerus
892 214 1124 281 fortasse
1150 212 1564 265 Heraclidarum
1594 211 1810 282 aequalis
1829 234 1845 262 .·
1888 203 2049 262 rasim„
2073 230 2183 263 xv1.

379 377 473 415 res
506 357 722 424 valeat,
754 357 1016 433 judicari
1049 363 1251 433 potest
1283 376 1359 413 ex
1393 374 1504 412 usu
1536 356 1933 432 plurimorum
1968 355 2186 416 Poeta-

379 475 512 513 rum
539 475 554 524 ;
617 454 774 531 apud
824 472 973 529 quos
1018 451 1169 509 nihil
1224 451 1546 521 solennius,
1599 472 1780 528 quam
1833 462 1901 510 ut
1951 462 2185 511 veteres

379 554 671 611 inducant
702 551 1102 609 vaticinantes
1127 558 1190 607 et
1221 550 1463 608 oracula
1488 550 1879 627 proferenteS,
1906 553 1981 609 de
2006 552 2185 609 rebus

380 653 664 729 ipsorum,
697 649 801 725 qui
834 649 1123 716 scribunt,
1149 655 1425 725 tempore
1457 648 1695 707 futuris.
1789 649 2186 708 Nobilissima

380 757 522 809 sunt
565 747 835 824 AEschyli
882 754 1067 822 atque
1110 746 1352 804 Pindari
1399 746 1714 823 exempla:
1762 749 1862 823 qui
1898 767 2016 824 quo
2054 768 2181 824 pro-

379 850 515 925 pius
563 845 864 905 Nostrum
909 852 1090 902 aetate
1135 864 1205 902 ac
1251 846 1447 922 patria
1499 844 1823 922 attingant,
1872 866 1944 903 eo
1996 846 2188 923 magis

379 948 634 1005 miretur
677 945 910 1021 aliquiS,
957 944 1200 1021 penitus
1246 944 1439 1002 ferme
1484 963 1688 1002 carere
1734 963 1876 1002 eum
1932 944 2185 1002 artificio

381 1044 477 1119 (ut
535 1045 622 1102 ita
674 1045 897 1120 dicam)
959 1043 1218 1119 poeticO,
1280 1062 1399 1118 quo
1460 1041 1547 1099 illi
1609 1049 1928 1118 tantopere
1990 1042 2188 1100 delec—

380 1142 686 1201 tabantur.

469 1239 678 1298 Multa
708 1245 1001 1317 praeterea
1032 1241 1335 1318 congessit
1369 1239 1744 1308 Mitfordius,
1777 1260 1908 1317 quae
1938 1240 2188 1298 minime

381 1338 623 1396 silentio
655 1344 827 1395 erant
859 1339 1294 1414 praetereunda,
1328 1338 1376 1396 si
1406 1338 1590 1396 modo
1631 1337 1991 1397 cecidissent
2031 1337 2190 1394 intra

383 1436 746 1495 Homericos
778 1437 1088 1494 terminos
1191 1436 1423 1495 Eadem
1456 1437 1663 1513 itaque
1693 1436 2006 1513 praeterita
2037 1434 2191 1492 Poe-

383 1543 506 1594 tam
555 1542 819 1614 arguunt
853 1536 1267 1604 vetustiorem,
1301 1555 1483 1612 quam
1532 1542 1600 1593 ut
1647 1553 1858 1593 eorum
1903 1533 2186 1591 notitiam

382 1634 647 1711 aliquam
680 1634 920 1692 habeat.

471 1733 675 1792 Etiam
707 1753 785 1791 ex
818 1731 1135 1813 Strabone,
1168 1733 1230 1789 ni
1263 1732 1455 1799 fallor,
1481 1732 1643 1790 haud
1674 1751 1869 1809 pauca
1892 1731 2187 1809 ejusmodi

382 1833 632 1911 colliget
677 1838 923 1909 apertus
976 1838 1161 1908 atque
1214 1851 1353 1889 acer
1405 1833 1635 1889 oculus.
1728 1830 1923 1890 Verbi
1976 1849 2188 1888 causa:

383 1951 530 2009 quas
581 1931 685 1988 ille
737 1930 981 1989 AEtoliae
1033 1931 1213 1988 urbes
1266 1930 1342 1988 ab
1394 1929 1739 1988 Heraclidis
1798 1930 2043 1987 initium
2103 1928 2189 1986 ait

381 2030 710 2099 habuisse³‚
761 2031 836 2087 de
888 2030 960 2088 iis
1006 2030 1197 2088 ferme
1242 2029 1383 2088 solis
1422 2036 1662 2087 tacetur
1705 2029 1768 2086 in
1814 2028 2187 2105 amplissimo

385 2128 593 2187 Poetae
625 2128 940 2206 CatalogO.
1029 2129 1070 2186 J
1074 2148 1172 2187 am
1201 2128 1421 2187 Strabo
1447 2127 1811 2196 Homerum,
1844 2127 2034 2185 veluti
2066 2146 2192 2184 cer-

383 2229 686 2287 tissimum
732 2227 1014 2296 indicem,
1055 2227 1234 2304 plane
1271 2248 1335 2286 se
1377 2227 1660 2304 prosequi
1693 2222 1997 2286 testaturf
2035 2227 2192 2284 circa

385 2345 518 2384 oras
572 2345 784 2383 omnes
829 2333 893 2383 et
939 2325 1120 2384 litora
1166 2325 1438 2384 Graeciae.
1532 2325 1697 2395 Quin
1747 2346 1824 2383 ex
1880 2325 2074 2382 Iliade
2127 2331 2190 2381 et

385 2426 678 2503 Odysseia
736 2424 1007 2483 locorum
1071 2425 1484 2503 cognitionem
1545 2426 1698 2483 adeo
1756 2424 2000 2502 plenam
2061 2425 2189 2481 erui

384 2544 558 2602 posse
588 2531 813 2592 censet,
845 2530 916 2580 ut
946 2542 1040 2582 res
1070 2522 1395 2600 aliquando
1434 2524 1494 2580 in
1530 2522 1785 2580 dubium
1826 2522 2191 2580 revocandas

383 2624 618 2692 doceat,
651 2629 895 2681 tantum
926 2628 1174 2699 propter
1206 2621 1464 2680 Homeri
1496 2621 1826 2679 silentium.

471 2722 661 2780 Porro
692 2722 1050 2780 crediderim
1088 2721 1306 2779 eodem
1343 2721 1665 2798 pertinere,
1698 2740 1835 2796 quae
1869 2718 1981 2776 sub
2012 2718 2187 2775 initio

385 2821 729 2879 duodecimi
761 2820 969 2879 Iliadis
1009 2820 1146 2878 libri
1191 2820 1495 2879 habentur
1531 2821 1606 2878 de
1652 2818 1862 2877 castris
1903 2825 1966 2875 et
2007 2837 2187 2895 agge-

385 2921 549 2979 ribus
582 2919 922 2987 Graiorum,
955 2919 1134 2996 plane
1166 2919 1397 2998 obrutis
1428 2939 1498 2977 ac
1530 2918 1878 2995 deperditis.

627 3042 750 3102 ὄφρα
769 3043 850 3100 μὲν
863 3042 1037 3100 ’Ἕκτωρ
1061 3044 1170 3098 ζωὸς
1190 3043 1279 3099 ἔην,
1302 3043 1372 3086 καὶ
1392 3040 1506 3100 μήνι’
1528 3040 1781 3099 Ἀχιλλεὺς,

629 3119 697 3162 καὶ
720 3119 941 3177 Πριάμοιο
963 3117 1147 3163 ἄνακτος
1167 3116 1416 3174 ἀπορθητὸς
1436 3118 1569 3162 πόλις
1589 3117 1713 3167 ἕπλε,

627 3193 777 3251 τόφρα
798 3191 846 3236 δὲ
869 3192 938 3235 καὶ
958 3190 1073 3249 μέγα
1094 3193 1241 3249 τεῖχος
1259 3189 1452 3248 Ἀχαιῶν
1473 3190 1663 3247 ἔμπεδον
1684 3191 1771 3245 ἤεν.

628 3267 764 3325 αὐτὰρ
787 3266 881 3311 ἐπεὶ
903 3266 1012 3311 κατὰ
1031 3266 1112 3323 μὲν
1132 3266 1292 3323 Τρώων
1313 3264 1444 3309 θάνον
1466 3263 1603 3309 ὅσσοι
1625 3262 1835 3322 ἅριστοι,.
1855 3297 1863 3307 .
1887 3296 1895 3306 .
1916 3296 1924 3306 .

628 3341 816 3399 πέρθετο
838 3340 885 3384 δὲ
909 3340 1128 3398 Πριάμοιο
1148 3340 1280 3384 πόλις
1287 3372 1507 3383 ........

628 3415 680 3472 δὴ
703 3416 804 3459 τότε
823 3415 1064 3472 μητιόωντο
1086 3412 1347 3458 Ποσειδάων
1370 3411 1439 3455 καὶ
1459 3409 1697 3455 Ἀπόλλων

627 3490 772 3546 τεῖχος
793 3487 1036 3545 ἀμαλδῦναι
1044 3515 1627 3533 ....................

507 3653 538 3689 er
564 3647 662 3691 Lib.
686 3663 729 3691 x.
756 3646 798 3690 6.
1310 3645 1322 3669 f
1352 3644 1467 3701 E.g.
1497 3657 1608 3694 1.1;
1642 3640 1733 3685 viii.
1768 3654 1884 3691 1.1;
1920 3653 1963 3697 3.
1990 3653 2060 3696 23·
