<?xml version="1.0" encoding="UTF-8"?>
<!DOCTYPE html PUBLIC "-//W3C//DTD XHTML 1.0 Transitional//EN"
    "http://www.w3.org/TR/xhtml1/DTD/xhtml1-transitional.dtd">
<html xmlns="http://www.w3.org/1999/xhtml" xml:lang="en" lang="en">
 <head>
  <title>
</title>
<meta http-equiv="Content-Type" content="text/html;charset=utf-8" />
  <meta name='ocr-system' content='tesseract 3.04.00' />
  <meta name='ocr-capabilities' content='ocr_page ocr_carea ocr_par ocr_line ocrx_word'/>
</head>
<body>
  <div class='ocr_page' id='page_1' title='image "./a588873901kebluoft_0234.png"; bbox 0 0 2320 4126; ppageno 0'>
   <div class='ocr_carea' id='block_1_1' title="bbox 487 1432 2062 1560">
    <p class='ocr_par' dir='ltr' id='par_1_1' title="bbox 487 1432 2062 1560">
     <span class='ocr_line' id='line_1_1' title="bbox 487 1432 2062 1560; baseline -0.004 -8"><span class='ocrx_word' id='word_1_1' title='bbox 487 1481 1100 1557; x_wconf 87' lang='lat' dir='ltr'>PRAELECTIO</span> <span class='ocrx_word' id='word_1_2' title='bbox 1162 1432 1562 1556; x_wconf 89' lang='lat' dir='ltr'>DECIMA</span> <span class='ocrx_word' id='word_1_3' title='bbox 1623 1480 2062 1560; x_wconf 80' lang='lat' dir='ltr'><strong>QUARTA.</strong></span> 
     </span>
    </p>
   </div>
   <div class='ocr_carea' id='block_1_2' title="bbox 346 1897 2186 2408">
    <p class='ocr_par' dir='ltr' id='par_1_2' title="bbox 346 1897 2186 2408">
     <span class='ocr_line' id='line_1_2' title="bbox 346 1897 2180 1962; baseline -0.001 -17"><span class='ocrx_word' id='word_1_4' title='bbox 346 1904 362 1922; x_wconf 78' lang='lat'><strong>‘</strong></span> <span class='ocrx_word' id='word_1_5' title='bbox 381 1897 645 1959; x_wconf 76' lang='lat' dir='ltr'><em>Odysseiam</em></span> <span class='ocrx_word' id='word_1_6' title='bbox 657 1901 829 1947; x_wconf 86' lang='lat' dir='ltr'><em>indicia</em></span> <span class='ocrx_word' id='word_1_7' title='bbox 834 1918 936 1962; x_wconf 82' lang='lat' dir='ltr'><em>prae</em></span> <span class='ocrx_word' id='word_1_8' title='bbox 948 1918 995 1948; x_wconf 88' lang='lat' dir='ltr'><em>se</em></span> <span class='ocrx_word' id='word_1_9' title='bbox 997 1902 1131 1962; x_wconf 87' lang='lat' dir='ltr'><em>ferre</em></span> <span class='ocrx_word' id='word_1_10' title='bbox 1145 1909 1235 1947; x_wconf 80' lang='lat' dir='ltr'><em>tum</em></span> <span class='ocrx_word' id='word_1_11' title='bbox 1249 1903 1458 1962; x_wconf 73' lang='lat' dir='ltr'><em>eyestatis</em></span> <span class='ocrx_word' id='word_1_12' title='bbox 1471 1903 1670 1955; x_wconf 82' lang='lat' dir='ltr'><strong><em>Homeri,</em></strong></span> <span class='ocrx_word' id='word_1_13' title='bbox 1686 1908 1776 1946; x_wconf 81' lang='lat' dir='ltr'><em>tum</em></span> <span class='ocrx_word' id='word_1_14' title='bbox 1793 1901 2023 1946; x_wconf 79' lang='lat' dir='ltr'><em>caecitatiS.</em></span> <span class='ocrx_word' id='word_1_15' title='bbox 2061 1900 2180 1958; x_wconf 64' lang='grc' dir='ltr'><em>Ερε-</em></span> 
     </span>
     <span class='ocr_line' id='line_1_3' title="bbox 441 1973 2185 2036; baseline -0.001 -18"><span class='ocrx_word' id='word_1_16' title='bbox 441 1990 613 2029; x_wconf 84' lang='lat' dir='ltr'><em>norum,</em></span> <span class='ocrx_word' id='word_1_17' title='bbox 636 1977 764 2021; x_wconf 90' lang='lat' dir='ltr'><em>immo</em></span> <span class='ocrx_word' id='word_1_18' title='bbox 792 1993 1019 2023; x_wconf 84' lang='lat' dir='ltr'><em>servorum</em></span> <span class='ocrx_word' id='word_1_19' title='bbox 1045 1993 1199 2023; x_wconf 85' lang='lat' dir='ltr'><em>sensus</em></span> <span class='ocrx_word' id='word_1_20' title='bbox 1221 1979 1374 2023; x_wconf 76' lang='lat' dir='ltr'><em>eoeimie</em></span> <span class='ocrx_word' id='word_1_21' title='bbox 1394 1978 1449 2022; x_wconf 80' lang='lat' dir='ltr'><em>ab</em></span> <span class='ocrx_word' id='word_1_22' title='bbox 1471 1978 1531 2022; x_wconf 86' lang='lat' dir='ltr'><em>iis</em></span> <span class='ocrx_word' id='word_1_23' title='bbox 1552 1977 1878 2036; x_wconf 65' lang='lat' dir='ltr'><em>repraesentari,</em></span> <span class='ocrx_word' id='word_1_24' title='bbox 1903 1991 1997 2034; x_wconf 84' lang='lat' dir='ltr'><em>quoe</em></span> <span class='ocrx_word' id='word_1_25' title='bbox 2023 1975 2094 2019; x_wconf 87' lang='lat' dir='ltr'><em>vel</em></span> <span class='ocrx_word' id='word_1_26' title='bbox 2124 1973 2185 2017; x_wconf 87' lang='lat' dir='ltr'><em>ad</em></span> 
     </span>
     <span class='ocr_line' id='line_1_4' title="bbox 442 2048 2182 2110; baseline -0.001 -16"><span class='ocrx_word' id='word_1_27' title='bbox 442 2050 564 2094; x_wconf 84' lang='lat' dir='ltr'><em>Irum</em></span> <span class='ocrx_word' id='word_1_28' title='bbox 577 2053 819 2109; x_wconf 77' lang='lat' dir='ltr'><em>pertinent,</em></span> <span class='ocrx_word' id='word_1_29' title='bbox 841 2055 912 2097; x_wconf 86' lang='lat' dir='ltr'><em>vel</em></span> <span class='ocrx_word' id='word_1_30' title='bbox 931 2053 993 2097; x_wconf 86' lang='lat' dir='ltr'><em>ad</em></span> <span class='ocrx_word' id='word_1_31' title='bbox 1011 2054 1253 2106; x_wconf 82' lang='lat' dir='ltr'><em>Eumoeum,</em></span> <span class='ocrx_word' id='word_1_32' title='bbox 1276 2054 1346 2097; x_wconf 85' lang='lat' dir='ltr'><em>vel</em></span> <span class='ocrx_word' id='word_1_33' title='bbox 1364 2051 1425 2096; x_wconf 86' lang='lat' dir='ltr'><em>ad</em></span> <span class='ocrx_word' id='word_1_34' title='bbox 1451 2053 1651 2110; x_wconf 79' lang='lat' dir='ltr'><em>Ulyssem</em></span> <span class='ocrx_word' id='word_1_35' title='bbox 1671 2050 1925 2095; x_wconf 87' lang='lat' dir='ltr'><em>mendicum.</em></span> <span class='ocrx_word' id='word_1_36' title='bbox 1963 2050 2036 2093; x_wconf 92' lang='lat' dir='ltr'><em>De</em></span> <span class='ocrx_word' id='word_1_37' title='bbox 2056 2048 2182 2093; x_wconf 76' lang='lat' dir='ltr'><em>cccci—</em></span> 
     </span>
     <span class='ocr_line' id='line_1_5' title="bbox 443 2124 2184 2186; baseline -0.001 -18"><span class='ocrx_word' id='word_1_38' title='bbox 443 2130 536 2168; x_wconf 80' lang='lat' dir='ltr'><em>tate</em></span> <span class='ocrx_word' id='word_1_39' title='bbox 556 2125 740 2170; x_wconf 80' lang='lat' dir='ltr'><em>Homeri</em></span> <span class='ocrx_word' id='word_1_40' title='bbox 762 2127 1064 2185; x_wconf 82' lang='lat' dir='ltr'><em>eoependuntur</em></span> <span class='ocrx_word' id='word_1_41' title='bbox 1086 2143 1181 2186; x_wconf 83' lang='lat' dir='ltr'><em>quoe</em></span> <span class='ocrx_word' id='word_1_42' title='bbox 1203 2128 1333 2171; x_wconf 75' lang='lat' dir='ltr'><em>habet</em></span> <span class='ocrx_word' id='word_1_43' title='bbox 1354 2128 1557 2185; x_wconf 76' lang='lat' dir='ltr'><em>Hymnus</em></span> <span class='ocrx_word' id='word_1_44' title='bbox 1573 2126 1634 2170; x_wconf 89' lang='lat' dir='ltr'><em>ad</em></span> <span class='ocrx_word' id='word_1_45' title='bbox 1651 2126 1914 2185; x_wconf 79' lang='lat' dir='ltr'><em>Apollinem.</em></span> <span class='ocrx_word' id='word_1_46' title='bbox 1983 2124 2184 2173; x_wconf 79' lang='lat' dir='ltr'><em>Quanam</em></span> 
     </span>
     <span class='ocr_line' id='line_1_6' title="bbox 443 2199 2182 2260; baseline -0.001 -18"><span class='ocrx_word' id='word_1_47' title='bbox 443 2200 618 2244; x_wconf 84' lang='lat' dir='ltr'><em>ratione</em></span> <span class='ocrx_word' id='word_1_48' title='bbox 634 2201 745 2258; x_wconf 85' lang='lat' dir='ltr'><em>fieri</em></span> <span class='ocrx_word' id='word_1_49' title='bbox 768 2203 984 2260; x_wconf 78' lang='lat' dir='ltr'><em>potuerit,</em></span> <span class='ocrx_word' id='word_1_50' title='bbox 1012 2208 1062 2246; x_wconf 77' lang='lat' dir='ltr'><em>ut</em></span> <span class='ocrx_word' id='word_1_51' title='bbox 1093 2202 1233 2247; x_wconf 89' lang='lat' dir='ltr'><em>oculis</em></span> <span class='ocrx_word' id='word_1_52' title='bbox 1265 2207 1422 2260; x_wconf 81' lang='lat' dir='ltr'><em>captus</em></span> <span class='ocrx_word' id='word_1_53' title='bbox 1450 2207 1541 2245; x_wconf 86' lang='lat' dir='ltr'><em>tam</em></span> <span class='ocrx_word' id='word_1_54' title='bbox 1567 2201 1711 2245; x_wconf 83' lang='lat' dir='ltr'><em>vivide</em></span> <span class='ocrx_word' id='word_1_55' title='bbox 1741 2201 1887 2244; x_wconf 86' lang='lat' dir='ltr'><em>omnia</em></span> <span class='ocrx_word' id='word_1_56' title='bbox 1918 2199 2182 2258; x_wconf 72' lang='lat' dir='ltr'><em>depinyeret.</em></span> 
     </span>
     <span class='ocr_line' id='line_1_7' title="bbox 444 2272 2186 2334; baseline -0.001 -17"><span class='ocrx_word' id='word_1_57' title='bbox 444 2273 628 2332; x_wconf 80' lang='lat' dir='ltr'><em>Ecquid</em></span> <span class='ocrx_word' id='word_1_58' title='bbox 655 2290 707 2318; x_wconf 74' lang='lat' dir='ltr'><em>eoe</em></span> <span class='ocrx_word' id='word_1_59' title='bbox 737 2290 790 2319; x_wconf 86' lang='lat' dir='ltr'><em>ea</em></span> <span class='ocrx_word' id='word_1_60' title='bbox 813 2281 952 2334; x_wconf 81' lang='lat' dir='ltr'><em>parte</em></span> <span class='ocrx_word' id='word_1_61' title='bbox 981 2276 1161 2320; x_wconf 85' lang='lat' dir='ltr'><em>intersit</em></span> <span class='ocrx_word' id='word_1_62' title='bbox 1191 2277 1309 2320; x_wconf 85' lang='lat' dir='ltr'><em>inter</em></span> <span class='ocrx_word' id='word_1_63' title='bbox 1339 2274 1525 2320; x_wconf 84' lang='lat' dir='ltr'><em>Iliadem</em></span> <span class='ocrx_word' id='word_1_64' title='bbox 1550 2280 1593 2319; x_wconf 83' lang='lat' dir='ltr'><em>et</em></span> <span class='ocrx_word' id='word_1_65' title='bbox 1628 2274 1886 2333; x_wconf 78' lang='lat' dir='ltr'><em>Odysseiam</em></span> <span class='ocrx_word' id='word_1_66' title='bbox 1900 2294 1915 2318; x_wconf 77' lang='lat'><em>.-</em></span> <span class='ocrx_word' id='word_1_67' title='bbox 1946 2273 2064 2318; x_wconf 76' lang='lat' dir='ltr'><em>inter</em></span> <span class='ocrx_word' id='word_1_68' title='bbox 2086 2272 2186 2316; x_wconf 70' lang='lat' dir='ltr'><em>Ho-</em></span> 
     </span>
     <span class='ocr_line' id='line_1_8' title="bbox 444 2350 1579 2408; baseline 0.003 -16"><span class='ocrx_word' id='word_1_69' title='bbox 444 2362 608 2392; x_wconf 83' lang='lat' dir='ltr'><em>merum</em></span> <span class='ocrx_word' id='word_1_70' title='bbox 630 2362 802 2408; x_wconf 82' lang='lat' dir='ltr'><em>quoque</em></span> <span class='ocrx_word' id='word_1_71' title='bbox 822 2355 866 2394; x_wconf 86' lang='lat' dir='ltr'><em>et</em></span> <span class='ocrx_word' id='word_1_72' title='bbox 886 2350 1127 2395; x_wconf 77' lang='lat' dir='ltr'><em>Miltonum</em></span> <span class='ocrx_word' id='word_1_73' title='bbox 1147 2356 1358 2395; x_wconf 82' lang='lat' dir='ltr'><em>nostrum.</em></span> <span class='ocrx_word' id='word_1_74' title='bbox 1577 2360 1579 2362; x_wconf 81' lang='grc'><strong>’</strong></span> 
     </span>
    </p>
   </div>
   <div class='ocr_carea' id='block_1_3' title="bbox 387 2529 2190 3579">
    <p class='ocr_par' dir='ltr' id='par_1_3' title="bbox 505 2529 2185 2610">
     <span class='ocr_line' id='line_1_9' title="bbox 505 2529 2185 2610; baseline -0.001 -22"><span class='ocrx_word' id='word_1_75' title='bbox 505 2529 724 2589; x_wconf 84' lang='lat' dir='ltr'>ATIS</span> <span class='ocrx_word' id='word_1_76' title='bbox 758 2531 906 2608; x_wconf 86' lang='lat' dir='ltr'><em>jam,</em></span> <span class='ocrx_word' id='word_1_77' title='bbox 945 2539 1015 2590; x_wconf 89' lang='lat' dir='ltr'><em>ut</em></span> <span class='ocrx_word' id='word_1_78' title='bbox 1060 2533 1288 2610; x_wconf 87' lang='lat' dir='ltr'><em>opinor,</em></span> <span class='ocrx_word' id='word_1_79' title='bbox 1326 2532 1414 2590; x_wconf 92' lang='lat' dir='ltr'><em>illi</em></span> <span class='ocrx_word' id='word_1_80' title='bbox 1460 2532 1594 2591; x_wconf 91' lang='lat' dir='ltr'><em>loco</em></span> <span class='ocrx_word' id='word_1_81' title='bbox 1639 2531 1872 2590; x_wconf 87' lang='lat' dir='ltr'><em>factum</em></span> <span class='ocrx_word' id='word_1_82' title='bbox 1918 2537 2026 2599; x_wconf 85' lang='lat' dir='ltr'><em>est,</em></span> <span class='ocrx_word' id='word_1_83' title='bbox 2064 2550 2185 2608; x_wconf 92' lang='lat' dir='ltr'><em>quo</em></span> 
     </span>
    </p>

    <p class='ocr_par' dir='ltr' id='par_1_4' title="bbox 387 2628 2190 3579">
     <span class='ocr_line' id='line_1_10' title="bbox 548 2628 2185 2709; baseline 0 -22"><span class='ocrx_word' id='word_1_84' title='bbox 548 2647 657 2688; x_wconf 92' lang='lat' dir='ltr'><em>nos</em></span> <span class='ocrx_word' id='word_1_85' title='bbox 704 2628 962 2688; x_wconf 81' lang='lat' dir='ltr'><em>Homeri</em></span> <span class='ocrx_word' id='word_1_86' title='bbox 1008 2638 1280 2690; x_wconf 79' lang='lat' dir='ltr'><em>mentem</em></span> <span class='ocrx_word' id='word_1_87' title='bbox 1329 2632 1404 2689; x_wconf 90' lang='lat' dir='ltr'><em>de</em></span> <span class='ocrx_word' id='word_1_88' title='bbox 1455 2630 1765 2709; x_wconf 80' lang='lat' dir='ltr'><em>republica</em></span> <span class='ocrx_word' id='word_1_89' title='bbox 1816 2630 2185 2706; x_wconf 78' lang='lat' dir='ltr'><em>suscepimus</em></span> 
     </span>
     <span class='ocr_line' id='line_1_11' title="bbox 388 2729 2187 2809; baseline -0.001 -21"><span class='ocrx_word' id='word_1_90' title='bbox 388 2729 839 2806; x_wconf 85' lang='lat' dir='ltr'><em>explorandam.</em></span> <span class='ocrx_word' id='word_1_91' title='bbox 929 2729 1153 2789; x_wconf 86' lang='lat' dir='ltr'><em>Multis</em></span> <span class='ocrx_word' id='word_1_92' title='bbox 1182 2731 1346 2789; x_wconf 91' lang='lat' dir='ltr'><em>haud</em></span> <span class='ocrx_word' id='word_1_93' title='bbox 1378 2731 1630 2790; x_wconf 84' lang='lat' dir='ltr'><em>obscure</em></span> <span class='ocrx_word' id='word_1_94' title='bbox 1667 2731 1849 2809; x_wconf 84' lang='lat' dir='ltr'><em>signis</em></span> <span class='ocrx_word' id='word_1_95' title='bbox 1880 2731 2187 2799; x_wconf 76' lang='lat' dir='ltr'><em>evicimuS‚</em></span> 
     </span>
     <span class='ocr_line' id='line_1_12' title="bbox 387 2827 2189 2907; baseline 0 -21"><span class='ocrx_word' id='word_1_96' title='bbox 387 2829 563 2886; x_wconf 92' lang='lat' dir='ltr'><em>illum</em></span> <span class='ocrx_word' id='word_1_97' title='bbox 605 2829 798 2905; x_wconf 90' lang='lat' dir='ltr'><em>prisca</em></span> <span class='ocrx_word' id='word_1_98' title='bbox 830 2827 1109 2887; x_wconf 89' lang='lat' dir='ltr'><em>Heroum</em></span> <span class='ocrx_word' id='word_1_99' title='bbox 1142 2831 1299 2907; x_wconf 89' lang='lat' dir='ltr'><em>jura,</em></span> <span class='ocrx_word' id='word_1_100' title='bbox 1340 2850 1460 2906; x_wconf 88' lang='lat' dir='ltr'><em>quo</em></span> <span class='ocrx_word' id='word_1_101' title='bbox 1500 2831 1706 2889; x_wconf 82' lang='lat' dir='ltr'><em>decuit</em></span> <span class='ocrx_word' id='word_1_102' title='bbox 1747 2829 1996 2899; x_wconf 90' lang='lat' dir='ltr'><em>Vatem,</em></span> <span class='ocrx_word' id='word_1_103' title='bbox 2035 2829 2189 2887; x_wconf 89' lang='lat' dir='ltr'><em>desi-</em></span> 
     </span>
     <span class='ocr_line' id='line_1_13' title="bbox 389 2927 2187 3009; baseline 0.001 -25"><span class='ocrx_word' id='word_1_104' title='bbox 389 2927 556 2984; x_wconf 90' lang='lat' dir='ltr'><em>derio</em></span> <span class='ocrx_word' id='word_1_105' title='bbox 623 2947 753 2986; x_wconf 89' lang='lat' dir='ltr'><em>esse</em></span> <span class='ocrx_word' id='word_1_106' title='bbox 818 2935 1244 3004; x_wconf 89' lang='lat' dir='ltr'><em>prosecutum:</em></span> <span class='ocrx_word' id='word_1_107' title='bbox 1320 2930 1632 3009; x_wconf 87' lang='lat' dir='ltr'><em>aegerrime</em></span> <span class='ocrx_word' id='word_1_108' title='bbox 1693 2929 1903 2989; x_wconf 88' lang='lat' dir='ltr'><em>tulisse</em></span> <span class='ocrx_word' id='word_1_109' title='bbox 1976 2948 2187 2987; x_wconf 89' lang='lat' dir='ltr'><em>eorum</em></span> 
     </span>
     <span class='ocr_line' id='line_1_14' title="bbox 389 3025 2188 3107; baseline 0.002 -25"><span class='ocrx_word' id='word_1_110' title='bbox 389 3026 655 3103; x_wconf 79' lang='lat' dir='ltr'><em>injuriaS‚</em></span> <span class='ocrx_word' id='word_1_111' title='bbox 708 3025 757 3084; x_wconf 92' lang='lat' dir='ltr'><em>si</em></span> <span class='ocrx_word' id='word_1_112' title='bbox 802 3026 907 3102; x_wconf 93' lang='lat' dir='ltr'><em>qui</em></span> <span class='ocrx_word' id='word_1_113' title='bbox 950 3027 1309 3087; x_wconf 85' lang='lat' dir='ltr'><em>insolentius</em></span> <span class='ocrx_word' id='word_1_114' title='bbox 1353 3030 1417 3087; x_wconf 93' lang='lat' dir='ltr'><em>in</em></span> <span class='ocrx_word' id='word_1_115' title='bbox 1460 3029 1600 3088; x_wconf 90' lang='lat' dir='ltr'><em>aula</em></span> <span class='ocrx_word' id='word_1_116' title='bbox 1642 3030 1822 3107; x_wconf 86' lang='lat' dir='ltr'><em>regia,</em></span> <span class='ocrx_word' id='word_1_117' title='bbox 1867 3045 2188 3106; x_wconf 90' lang='lat' dir='ltr'><em>procorum</em></span> 
     </span>
     <span class='ocr_line' id='line_1_15' title="bbox 389 3125 2189 3193; baseline 0.002 -12"><span class='ocrx_word' id='word_1_118' title='bbox 389 3125 643 3182; x_wconf 83' lang='lat' dir='ltr'><em>istorum</em></span> <span class='ocrx_word' id='word_1_119' title='bbox 688 3125 827 3193; x_wconf 77' lang='lat' dir='ltr'><em>rita,</em></span> <span class='ocrx_word' id='word_1_120' title='bbox 865 3125 1365 3186; x_wconf 80' lang='lat' dir='ltr'><em>dominabantur:</em></span> <span class='ocrx_word' id='word_1_121' title='bbox 1411 3126 1564 3185; x_wconf 88' lang='lat' dir='ltr'><em>illud</em></span> <span class='ocrx_word' id='word_1_122' title='bbox 1609 3127 1856 3186; x_wconf 91' lang='lat' dir='ltr'><em>demum</em></span> <span class='ocrx_word' id='word_1_123' title='bbox 1901 3129 1962 3186; x_wconf 92' lang='lat' dir='ltr'><em>in</em></span> <span class='ocrx_word' id='word_1_124' title='bbox 2010 3146 2189 3186; x_wconf 91' lang='lat' dir='ltr'><em>omne</em></span> 
     </span>
     <span class='ocr_line' id='line_1_16' title="bbox 390 3224 2188 3305; baseline 0.001 -24"><span class='ocrx_word' id='word_1_125' title='bbox 390 3239 587 3281; x_wconf 85' lang='lat' dir='ltr'><em>aevum</em></span> <span class='ocrx_word' id='word_1_126' title='bbox 648 3224 814 3281; x_wconf 90' lang='lat' dir='ltr'><em>omni</em></span> <span class='ocrx_word' id='word_1_127' title='bbox 875 3224 1173 3301; x_wconf 91' lang='lat' dir='ltr'><em>supplicio</em></span> <span class='ocrx_word' id='word_1_128' title='bbox 1234 3226 1485 3304; x_wconf 90' lang='lat' dir='ltr'><em>dignum</em></span> <span class='ocrx_word' id='word_1_129' title='bbox 1544 3234 1802 3297; x_wconf 88' lang='lat' dir='ltr'><em>notasse,</em></span> <span class='ocrx_word' id='word_1_130' title='bbox 1863 3227 2020 3305; x_wconf 92' lang='lat' dir='ltr'><em>quod</em></span> <span class='ocrx_word' id='word_1_131' title='bbox 2085 3226 2188 3303; x_wconf 91' lang='lat' dir='ltr'><em>qui</em></span> 
     </span>
     <span class='ocr_line' id='line_1_17' title="bbox 389 3315 2189 3403; baseline 0.002 -25"><span class='ocrx_word' id='word_1_132' title='bbox 389 3322 688 3398; x_wconf 75' lang='lat' dir='ltr'><em>praecipue</em></span> <span class='ocrx_word' id='word_1_133' title='bbox 725 3322 965 3381; x_wconf 80' lang='lat' dir='ltr'><em>oderint</em></span> <span class='ocrx_word' id='word_1_134' title='bbox 1002 3323 1331 3401; x_wconf 79' lang='lat' dir='ltr'><em>PrincipeS‚</em></span> <span class='ocrx_word' id='word_1_135' title='bbox 1362 3315 1548 3383; x_wconf 90' lang='lat' dir='ltr'><em>iidem</em></span> <span class='ocrx_word' id='word_1_136' title='bbox 1588 3326 1972 3403; x_wconf 90' lang='lat' dir='ltr'><em>pauperibus,</em></span> <span class='ocrx_word' id='word_1_137' title='bbox 2001 3325 2189 3382; x_wconf 90' lang='lat' dir='ltr'><em>iidem</em></span> 
     </span>
     <span class='ocr_line' id='line_1_18' title="bbox 390 3421 2190 3501; baseline 0.002 -24"><span class='ocrx_word' id='word_1_138' title='bbox 390 3440 631 3497; x_wconf 90' lang='lat' dir='ltr'><em>quoque</em></span> <span class='ocrx_word' id='word_1_139' title='bbox 686 3421 944 3480; x_wconf 91' lang='lat' dir='ltr'><em>Numini</em></span> <span class='ocrx_word' id='word_1_140' title='bbox 997 3432 1377 3482; x_wconf 87' lang='lat' dir='ltr'><em>sacrosancto</em></span> <span class='ocrx_word' id='word_1_141' title='bbox 1430 3425 1762 3483; x_wconf 87' lang='lat' dir='ltr'><em>maximam</em></span> <span class='ocrx_word' id='word_1_142' title='bbox 1812 3431 2049 3501; x_wconf 89' lang='lat' dir='ltr'><em>partem</em></span> <span class='ocrx_word' id='word_1_143' title='bbox 2100 3423 2190 3481; x_wconf 90' lang='lat' dir='ltr'><em>in-</em></span> 
     </span>
     <span class='ocr_line' id='line_1_19' title="bbox 390 3518 989 3579; baseline 0.007 -4"><span class='ocrx_word' id='word_1_144' title='bbox 390 3518 544 3577; x_wconf 88' lang='lat' dir='ltr'><em>fensi</em></span> <span class='ocrx_word' id='word_1_145' title='bbox 576 3538 705 3578; x_wconf 90' lang='lat' dir='ltr'><em>esse</em></span> <span class='ocrx_word' id='word_1_146' title='bbox 735 3520 989 3579; x_wconf 89' lang='lat' dir='ltr'><em>soleant.</em></span> 
     </span>
    </p>
   </div>
   <div class='ocr_carea' id='block_1_4' title="bbox 479 3614 2185 3699">
    <p class='ocr_par' dir='ltr' id='par_1_5' title="bbox 479 3614 2185 3699">
     <span class='ocr_line' id='line_1_20' title="bbox 479 3614 2185 3699; baseline 0.004 -27"><span class='ocrx_word' id='word_1_147' title='bbox 479 3614 596 3674; x_wconf 91' lang='lat' dir='ltr'><em>His</em></span> <span class='ocrx_word' id='word_1_148' title='bbox 639 3616 821 3676; x_wconf 90' lang='lat' dir='ltr'><em>hodie</em></span> <span class='ocrx_word' id='word_1_149' title='bbox 861 3621 1029 3695; x_wconf 90' lang='lat' dir='ltr'><em>quasi</em></span> <span class='ocrx_word' id='word_1_150' title='bbox 1077 3621 1388 3679; x_wconf 89' lang='lat' dir='ltr'><em>cumulum</em></span> <span class='ocrx_word' id='word_1_151' title='bbox 1437 3623 1557 3680; x_wconf 93' lang='lat' dir='ltr'><em>duo</em></span> <span class='ocrx_word' id='word_1_152' title='bbox 1603 3623 1882 3699; x_wconf 89' lang='lat' dir='ltr'><em>quaedam</em></span> <span class='ocrx_word' id='word_1_153' title='bbox 1927 3621 2185 3698; x_wconf 89' lang='lat' dir='ltr'><em>adjicere</em></span> 
     </span>
    </p>
   </div>
  </div>
 </body>
</html>
