2320 4126
168 257 323 290 PRAEL.
345 257 450 289 xvl.
503 237 712 290 Dedisse
736 255 847 289 eum
871 238 1122 306 πονηρίαν
1145 254 1242 289 non
1266 237 1382 289 solis
1406 237 1591 289 Poetia
1814 239 1921 292 273

169 379 343 455 longe
386 378 639 436 abfuisse
683 398 719 436 a
761 387 1128 437 sacrosancta
1176 379 1477 456 religione.
1568 378 1730 436 Nam
1783 399 1918 455 quae

168 476 373 533 civitas
419 483 555 531 'vere
602 494 670 532 ac
721 476 951 551 proprie
998 476 1107 532 sibi
1159 494 1457 533 assumere
1503 481 1738 550 poterat
1789 473 1920 532 Ho-

165 591 410 636 merum,
441 571 714 628 habitura
744 579 869 628 erat
888 573 1024 646 jure
1054 591 1159 629 suo
1189 570 1482 647 templum
1512 572 1655 647 ejus,
1688 571 1915 641 altaria,

165 668 561 735 ceremonias3
605 667 850 742 proinde
880 667 1079 725 futura
1108 675 1234 725 erat
1268 674 1331 724 et
1373 668 1498 742 ipsa
1528 674 1913 734 sacrosancta,

165 762 414 840 νεωκόρος
443 763 878 838 quodammodo
921 770 983 820 et
1026 762 1271 820 antistes
1306 762 1450 836 eju&
1482 762 1609 836 jam
1640 762 1701 817 in
1732 760 1916 818 Divo-

163 879 292 917 rum
323 879 634 916 numerum
666 859 853 916 relati.
938 859 1114 928 Quid,
1147 859 1304 935 quod
1336 859 1595 916 carmina
1630 860 1755 934 ejus
1794 878 1912 915 non

163 957 347 1014 semel
385 958 648 1032 usurpari
692 956 958 1033 legimus,
990 957 1090 1013 ubi
1133 958 1207 1014 de
1250 956 1465 1013 finibus
1510 964 1636 1013 erat
1680 963 1914 1014 contro-

163 1055 365 1121 versia,
396 1060 677 1128 tanquam
709 1074 784 1110 ex
815 1055 1047 1129 tripode
1082 1054 1375 1129 judicium
1407 1053 1799 1128 proferentis'.l
1843 1060 1913 1110 ut

161 1151 317 1207 inter
358 1150 474 1208 alia
517 1152 713 1208 divina
756 1151 902 1210 illud
946 1152 1129 1208 etiam
1169 1150 1420 1207 Homeri
1465 1151 1542 1207 sit
1591 1152 1910 1226 proprium,

159 1247 316 1323 quod
346 1246 580 1304 oracula
608 1246 767 1323 loqui
797 1249 1043 1304 noverit.

165 1412 167 1414 ¹
251 1342 489 1401 Videtis
545 1342 721 1400 aliam
778 1362 905 1401 esse
962 1342 1289 1420 gloriolam,
1347 1362 1465 1418 qua
1521 1343 1680 1400 inter
1735 1343 1911 1401 ludos

164 1437 452 1497 literarios
513 1440 879 1496 imitatorum
943 1446 1193 1498 catervae
1253 1458 1499 1516 magnos
1563 1439 1717 1496 viros
1779 1459 1913 1515 pro-

159 1542 518 1610 sequuntur3
583 1535 764 1593 alium
822 1536 997 1614 longe
1048 1536 1277 1594 cultum
1335 1536 1522 1604 illum,
1569 1556 1685 1612 quo
1737 1555 1910 1594 suum

160 1630 491 1689 Homerum
552 1633 823 1691 universa
886 1634 1348 1710 prosequebatur
1404 1634 1647 1691 Graecia.
1766 1633 1909 1690 Non

158 1729 353 1786 minus
398 1730 554 1787 inter
592 1749 653 1787 se
694 1732 932 1798 distant,
969 1746 1037 1788 ac
1084 1730 1132 1787 si
1176 1730 1469 1807 fingamus
1515 1731 1685 1788 alteri
1731 1750 1910 1808 gene-

156 1845 355 1883 rosum
385 1828 446 1883 in
469 1846 645 1884 venas
666 1828 993 1884 transfundi
1014 1828 1378 1903 sanguinem,
1402 1828 1574 1885 alteri
1603 1829 1665 1884 in
1694 1828 1906 1885 faciem

155 1924 333 1979 modo
363 1923 620 1980 colorem
651 1923 802 1980 cutis
832 1923 1094 1998 putidius
1123 1922 1290 1980 illini.
1365 1923 1658 1982 Concesso
1688 1925 1905 1999 itaque,

155 2037 195 2076 a·
234 2039 450 2096 magno
495 2038 729 2095 quoque
781 2019 968 2078 Poeta
1018 2038 1251 2095 semper
1296 2020 1421 2078 fore
1472 2023 1698 2080 civibus
1755 2023 1907 2098 peri-

155 2115 356 2172 culum
395 2115 648 2190 aliquod,
680 2135 755 2172 ne
798 2117 860 2171 in
899 2114 1295 2172 imitationem
1341 2116 1467 2191 ejus
1510 2116 1813 2193 indignam
1843 2125 1906 2174 et

154 2213 397 2270 nimiam
445 2213 660 2270 abeant
709 2213 962 2288 posteri3
1020 2218 1252 2269 constat
1302 2218 1521 2281 tamen,
1566 2213 1627 2269 id
1671 2213 1733 2270 in
1777 2213 1906 2271 Ho-

153 2310 386 2366 mericis
415 2328 486 2366 eo
515 2310 709 2366 minus
743 2310 1132 2366 metuendum
1164 2327 1306 2374 esse,
1340 2329 1455 2384 quo
1492 2309 1665 2366 illum
1705 2311 1903 2386 opinio

153 2406 420 2480 quaedam
457 2407 786 2463 sanctitatis
822 2424 996 2481 supra
1026 2424 1202 2462 omne
1237 2425 1356 2462 non
1386 2406 1519 2464 dico
1549 2407 1902 2483 scriptorum

151 2502 254 2558 sed
284 2508 347 2559 et
375 2502 682 2559 hominum
711 2521 898 2578 genus
928 2501 1231 2558 extulerit.

235 2597 526 2657 Praeterea
576 2600 976 2674 quaerendum‚
1033 2618 1108 2655 an
1159 2618 1330 2674 sapor
1385 2598 1486 2655 ille
1546 2598 1901 2659 Homericus

149 2693 420 2751 infecerit
449 2694 703 2750 solutam
733 2693 1071 2750 recentioris
1094 2693 1332 2750 Graeciae
1357 2694 1700 2761 orationem,
1725 2694 1900 2753 altius

150 2790 412 2858 fortasse,
471 2810 649 2865 quam
706 2791 861 2865 ipsos
926 2790 1159 2848 Poetas.
1264 2791 1360 2848 Ex
1418 2811 1535 2866 quo
1594 2792 1898 2861 efficietur,

148 2888 329 2944 animi
369 2906 486 2943 non
526 2888 703 2944 moris
743 2907 919 2944 causa
946 2888 1186 2945 finxisse
1216 2907 1278 2945 se
1307 2889 1382 2945 ad
1412 2887 1559 2945 illud
1595 2889 1900 2965 exemplar

147 2982 447 3040 homines:
485 2990 632 3051 tum,
664 2984 820 3058 quod
854 2984 1219 3041 verissimum
1252 2975 1358 3052 est,
1391 2984 1705 3042 Graiorum
1735 2987 1899 3063 inge-

147 3077 313 3135 nium
363 3080 561 3137 nescio
607 3081 901 3154 quomodo
952 3079 1345 3159 ἆντιστρόφον
1402 3100 1528 3138 esse
1589 3081 1895 3138 Homerici

147 3173 300 3249 styli,
330 3182 392 3231 et
422 3194 557 3231 cum
588 3195 658 3232 eo
688 3177 935 3233 mirifice
965 3178 1317 3234 consentire.
1385 3177 1525 3234 Jam
1555 3184 1624 3233 ut
1654 3184 1895 3235 caeteros

147 3275 392 3335 taceam,
437 3270 721 3328 habemus
766 3271 1161 3339 Herodotum,
1209 3272 1495 3330 habemus
1544 3272 1892 3342 Platonem3

145 3383 395 3439 quorum
443 3366 594 3424 alter
644 3367 974 3424 Homerum
1021 3369 1202 3425 refert
1248 3388 1367 3425 non
1411 3368 1613 3445 lingua
1656 3376 1892 3436 tantum

145 3460 364 3529 Ionica,
403 3468 465 3518 et
509 3462 884 3538 simplicitate
921 3464 1024 3521 illa
1067 3464 1484 3543 ἀρχαιοτρόπῳ,
1516 3466 1618 3522 sed
1658 3472 1721 3523 et
1762 3467 1892 3523 uni·

145 3574 311 3614 verso
353 3576 568 3633 genere
612 3560 898 3627 narrandi,
935 3568 997 3617 et
1042 3562 1300 3618 maxime
1344 3563 1607 3620 omnium
1651 3570 1891 3640 propter

993 3674 1029 3712 T
