2320 4126
398 230 505 283 182
784 228 1192 300 Lotophayorum
1217 237 1264 282 et
1297 229 1571 300 Cyclopum
1596 228 1754 281 otium
1777 252 1794 280 .-
1928 247 2087 281 PRAEL.
2114 247 2188 280 xl.

397 377 647 435 Mutato
691 378 957 448 nomine,
998 383 1317 434 narrentur
1362 378 1575 435 eadem
1614 378 1689 434 de
1731 376 1974 435 Pacifici
2009 374 2190 433 maris

396 476 625 545 insuliS‚
657 475 771 534 hac
809 482 872 533 et
912 482 1153 552 patrum
1200 474 1494 534 memoria
1529 475 1888 553 exploratis:
1935 493 2190 551 quorum

392 575 610 633 incolae
642 575 854 632 arbore
887 574 1299 642 vescebantur,
1332 595 1469 650 quae
1495 594 1716 632 nomen
1748 595 1784 633 a
1814 594 1967 651 pane
1986 573 2189 631 habet.

394 666 643 734 Etenim
678 695 755 733 ex
786 675 1006 732 nostris
1035 694 1157 731 non
1190 674 1454 742 defuere,
1477 675 1579 751 qui
1610 676 1824 752 patriae
1848 674 2022 732 obliti
2053 674 2190 731 istic

392 794 638 833 manere
683 773 1007 842 voluerint,
1039 773 1199 849 capti
1247 773 1478 833 scilicet
1524 775 1732 833 otiosis
1778 774 2192 852 voluptatibus

393 882 456 931 et
487 873 773 951 languida
802 872 920 930 loci
950 871 1173 930 indole.

478 970 669 1029 Aliud
718 990 894 1047 porro
946 989 1138 1048 genus
1199 971 1308 1028 otii
1360 978 1795 1048 repraesentant
1855 972 2027 1030 nobis
2077 970 2196 1048 Cy-

392 1070 641 1148 clopeia‚
672 1069 1055 1147 pastoritium·
1085 1069 1235 1128 illud
1268 1076 1330 1127 et
1361 1070 1512 1129 luxu
1544 1072 1766 1150 agresti
1799 1071 2129 1130 diffluens‘l.

638 1262 859 1273 ........
876 1227 1015 1274 σπέος
1036 1225 1208 1286 εἴδομεν
1228 1227 1335 1287 ἅγχι
1357 1228 1592 1288 θαλάσσης

632 1301 831 1360 ὑψηλὸν,
855 1301 1052 1360 δάφνῃσι
1074 1301 1334 1361 κατηρεφές·
1368 1303 1471 1348 ἔνθα
1493 1303 1541 1348 δὲ
1561 1305 1713 1349 πολλὰ

632 1374 753 1433 μῆλ’,
778 1374 866 1421 ὅῖές
887 1395 934 1420 τε
954 1377 1023 1420 καὶ
1045 1374 1165 1436 αἶγες
1187 1376 1404 1422 ἰαύεσκον·
1438 1379 1540 1438 περὶ
1563 1377 1600 1423 δ’
1627 1380 1741 1437 αὐλὴ

634 1449 791 1508 ὑψηλὴ
815 1449 1002 1508 δέδμητο
1025 1451 1361 1510 κατωρυχέεσσι
1382 1452 1594 1507 λίθοισιν,

632 1524 854 1583 μακρῇσίν
874 1543 922 1569 τε
943 1523 1158 1570 πίτυσσιν
1180 1525 1244 1570 ι’δὲ
1267 1526 1426 1585 δρυσὶν
1441 1527 1766 1586 ὑψικόμοισιν..
1787 1564 1796 1573 .
1818 1563 1827 1573 .
1847 1564 1859 1573 .

695 1598 879 1657 Γτάρσοι
899 1599 979 1657 μὲν
1000 1604 1142 1658 τυρῶν
1160 1600 1334 1658 βρῖθον,
1359 1601 1584 1647 στείνοντο
1609 1603 1656 1647 δέ
1679 1604 1809 1660 σηκοὶ

632 1671 775 1730 ἀρνῶν
795 1670 860 1728 ἠδ’
885 1672 1066 1731 ἐρίφων·
1101 1675 1222 1718 ναῖον
1243 1673 1280 1717 δ’
1306 1674 1394 1734 ὀρῷ
1417 1674 1556 1734 ἄγγεα
1575 1676 1731 1728 πάντα,

631 1746 792 1805 γαυλοί
811 1765 860 1790 τε
882 1746 1100 1805 σκαφίδες
1121 1766 1183 1800 τε,
1206 1747 1460 1807 τετυγμένα,
1483 1751 1576 1795 τοῖς·
1598 1748 1866 1808 ἐνάμελγεν..
1886 1784 1899 1793 .

695 1821 919 1878 δὲζόμενος
941 1819 977 1865 δ’
1001 1822 1192 1880 ἤμελγεν
1213 1819 1279 1868 ὀῒς
1300 1822 1370 1866 καὶ
1391 1821 1584 1880 μηκάδας
1605 1820 1731 1883 αἶγας

637 1893 780 1939 πάντα
801 1895 910 1939 κατὰ
929 1897 1104 1954 μοῖραν,
1129 1894 1199 1940 καὶ
1218 1895 1290 1941 ὑπ’
1314 1897 1509 1956 ἔμβρυον
1529 1896 1630 1955 ἧκεν
1651 1897 1831 1955 ἑκάστῃ.

634 1969 788 2014 αὐτίκα
806 1967 842 2014 δ’
867 1970 1005 2027 ἥμισυ
1026 1970 1107 2028 μὲν
1129 1970 1303 2030 θρέψας
1323 1974 1499 2016 λευκοῖο
1523 1971 1744 2031 γάλακτος

631 2045 836 2090 πλεκτοῖς
858 2044 904 2089 ἐν
923 2043 1184 2104 ταλάροισιν
1204 2045 1482 2104 ἀμησάμενος
1505 2046 1750 2103 κατέθηκεν·

632 2116 768 2175 ἥμισυ
790 2117 828 2162 δ’
850 2116 942 2163 αὖτ’
966 2119 1157 2176 ἔστησεν
1179 2119 1224 2164 ἐν
1245 2119 1445 2179 ἄγγεσιν,
1469 2119 1590 2179 ὄφρα
1611 2122 1652 2164 οἱ
1673 2118 1738 2177 εἵη

630 2191 771 2236 πίνειν
791 2191 1017 2254 αἰνυμένῳ,
1042 2193 1112 2237 καὶ
1134 2194 1174 2237 οἷ
1194 2194 1483 2253 ποτιδόρπιον
1505 2192 1603 2252 εἵη..
1623 2230 1633 2240 .
1655 2230 1665 2240 .
1684 2230 1694 2240 .

694 2265 822 2325 ιἦμος
844 2266 881 2312 δ’
904 2265 1122 2327 ἠριγένεια
1143 2267 1260 2328 φάνη
1281 2268 1608 2328 ῥοδοδάκτυλος
1628 2268 1765 2322 Ἠὼς,

632 2341 702 2385 καὶ
720 2343 821 2386 τότε
841 2345 929 2400 πῦρ
951 2341 1122 2387 ἀνέκαιε
1143 2343 1214 2387 καὶ
1235 2345 1400 2402 ἤμελγε
1422 2345 1560 2388 κλυτὰ
1582 2345 1734 2401 μῆλα..
1753 2378 1763 2388 .
1785 2377 1794 2387 .
1814 2377 1826 2387 .

632 2422 783 2478 πολλῇ
808 2421 856 2465 δὲ
876 2420 1009 2482 ῥοίζῳ
1031 2423 1143 2481 πρὸς
1164 2421 1268 2482 ὅρος
1289 2422 1422 2482 τρέπε
1442 2423 1571 2468 πίονα
1592 2425 1744 2481 μῆλα..
1763 2457 1773 2467 .
1795 2457 1804 2466 .
1824 2457 1834 2467 .

633 2495 843 2554 ἐσπερίος
864 2495 900 2540 δ’
924 2494 1059 2552 ἢλθεν
1081 2497 1347 2556 καλλίτριχα
1368 2499 1488 2555 μῆλα
1509 2495 1715 2555 νομεύων.

392 2628 654 2687 Cernitis
698 2637 769 2687 ut
811 2631 1016 2688 omnia
1052 2637 1481 2708 comparentur
1516 2631 1592 2688 ad
1630 2629 1985 2687 mulcendos
2027 2630 2195 2686 navi-

392 2735 591 2786 tarum
622 2730 873 2798 animos,
905 2730 1211 2788 maritimo
1242 2731 1374 2807 jam
1410 2729 1618 2788 labore
1656 2729 1888 2788 fessos?
1932 2736 2002 2786 ut
2034 2749 2196 2806 quae-

391 2847 509 2905 que
557 2848 651 2887 res
699 2829 1201 2907 significationem
1253 2830 1477 2887 habeat
1525 2830 1848 2906 incomptae
1895 2848 1966 2885 ac
2026 2828 2192 2886 rudis

392 2928 594 3004 copiae,
629 2930 887 3005 vitaeque
920 2948 1129 2986 secure
1160 2930 1272 2987 sub
1304 2929 1402 2987 dio
1434 2929 1627 2988 actae?

479 3026 659 3095 Quod
705 3028 752 3085 si
796 3028 893 3085 cui
937 3027 1213 3086 mirabile
1254 3047 1383 3086 esse
1429 3029 1722 3096 videatur,
1769 3027 2072 3103 quomodo
2119 3046 2192 3085 ea

391 3127 673 3204 conjungi
705 3126 936 3203 possint
977 3146 1117 3183 cum
1150 3128 1305 3184 truci
1337 3127 1499 3185 caede
1540 3126 1847 3203 hospitum
1890 3134 1952 3183 et
1998 3125 2191 3202 epulis

391 3225 774 3294 immanibuS,
805 3225 1152 3283 meminerit
1182 3225 1232 3283 is
1264 3225 1448 3283 velim
1481 3224 1844 3302 Scytharum
1878 3231 2189 3293 veterum;

392 3325 495 3401 qui
538 3345 675 3383 cum
718 3333 987 3401 pastores
1028 3331 1228 3382 essent
1275 3332 1337 3382 et
1382 3324 1749 3391 armentarii,
1789 3323 1939 3383 abiit
1984 3332 2189 3380 tamen

393 3442 600 3480 eorum
634 3443 856 3481 nomen
893 3424 952 3482 in
997 3423 1382 3501 proverbium
1415 3424 1688 3481 feritatis.
1782 3422 1864 3479 Et
1905 3421 2190 3479 credibile

393 3529 504 3589 est,
526 3523 710 3580 etiam
738 3522 957 3582 Siciliae
981 3522 1142 3582 latus
1164 3523 1407 3600 aliquod
1441 3522 1584 3580 olim
1618 3523 1885 3580 tenuisse
1915 3521 2191 3578 homines

445 3695 468 3725 <1
503 3687 594 3733 Od.
618 3688 678 3732 ix.
707 3690 806 3733 182.
932 3699 951 3722 r
983 3691 1042 3735 ix.
1070 3705 1172 3750 219.
1300 3697 1313 3715 ³
1345 3689 1404 3733 ix.
1432 3703 1534 3744 244.
1661 3691 1676 3719 t
1698 3689 1758 3733 ix.
1782 3700 1885 3746 307,
1909 3699 2013 3746 315,
2035 3685 2140 3745 336-
