2320 4126
386 257 541 291 PRAEL.
562 255 651 289 xx.
788 237 998 289 Summa
1023 235 1420 304 Ayaanenmonis
1446 234 1718 303 AEsokylei.
2031 236 2134 288 381

388 379 612 448 Imm0,
633 386 700 437 ut
729 380 986 437 sanctius
1029 377 1342 436 adhibeam
1384 378 1809 445 testimonium,
1839 378 1870 433 ὁ
1902 378 2142 455 προστί-

385 478 492 537 θεις
535 478 752 550 γνῶσιν,
782 477 1092 553 προσθήσει
1129 472 1377 549 ἄλγημα.
1466 472 1556 530 Ea
1584 492 1676 530 res
1712 473 1959 531 mirifice
1988 474 2141 531 deti-

386 578 490 629 net
547 573 831 638 animum,
879 571 1055 628 citius
1105 570 1454 646 plerumque
1504 568 1889 646 languentem
1942 569 2003 625 in
2054 569 2142 635 fle,

385 687 521 743 quae
551 667 892 725 mortalium
932 666 1196 734 modum,
1228 665 1592 741 affectusque
1620 664 1912 723 humanos
1942 683 2142 741 super-

383 770 506 821 ant.
594 762 900 826 Universae
950 769 1153 822 autem
1198 761 1538 820 Cassandrae
1589 768 1787 838 partes
1833 762 1895 818 in
1939 781 2010 820 eo
2047 760 2142 818 vel

382 860 674 935 praecipue
705 865 1035 927 vertuntur,
1065 865 1135 916 ut
1177 877 1247 916 ea
1280 865 1522 934 propter
1549 856 1895 934 Apollinem
1938 857 2143 915 miser-

383 955 530 1012 rima
568 955 677 1022 sit3
726 954 1002 1012 videlicet
1052 961 1295 1030 propter
1337 954 1638 1012 divinandi
1683 953 2025 1010 scientiam:
2072 970 2143 1009 ea

383 1057 584 1107 tamen
614 1049 764 1127 lege,
794 1057 863 1107 ut
891 1069 1195 1125 nunquam
1231 1051 1534 1108 continere
1571 1069 1633 1108 se
1664 1049 1876 1118 valeat,
1907 1049 2051 1123 quin
2079 1048 2142 1105 in

383 1145 555 1204 horas
578 1146 701 1204 fere
723 1147 967 1214 divinet,
990 1165 1063 1205 ac.
1088 1147 1367 1222 praecinat
1390 1153 1691 1204 eventura.
1749 1145 1941 1203 Tanto
1966 1143 2141 1202 simul

382 1249 446 1300 et
475 1242 705 1321 φίλτρῳ
747 1249 810 1300 et
854 1244 1082 1301 damno>
1117 1243 1242 1302 fore
1282 1242 1632 1302 mortalibus
1671 1241 1856 1299 futuri
1885 1259 2143 1317 praesen-

381 1339 607 1395 sionem
636 1338 1045 1415 intelligimus,

466 1435 613 1504 Quae
656 1455 793 1493 cum
837 1436 923 1493 ita
965 1437 1099 1505 sint,
1143 1436 1292 1493 nihil
1338 1444 1539 1494 vetare
1583 1434 1954 1503 crediderim,
1996 1434 2140 1510 quin

381 1532 726 1610 AEschylum
755 1540 1024 1590 nostrum
1046 1534 1108 1590 in
1131 1533 1588 1610 Agamemnone
1608 1531 1948 1607 judicemus
1977 1549 2142 1606 spec-

382 1636 537 1686 tasse
580 1629 641 1685 id
683 1629 984 1705 proprium
1014 1649 1082 1688 ac
1111 1631 1492 1706 praecipuum,
1522 1635 1591 1686 ut
1623 1635 1989 1686 succurreret
2018 1627 2142 1704 pie-

384 1725 496 1783 tati
536 1725 760 1783 labenti
801 1734 1041 1803 propter
1080 1726 1430 1802 inaequalem
1473 1726 1717 1784 humani
1759 1724 1992 1802 generis
2022 1743 2141 1783 sor-

382 1828 525 1880 tem.
623 1822 716 1891 Id,
774 1831 843 1881 ut
899 1837 1061 1900 put0,
1115 1823 1320 1882 sedulo
1377 1824 1519 1901 egit,
1577 1830 1647 1880 ut
1705 1821 2139 1899 religiosissime

381 1920 794 1996 deprecaretur
823 1940 1028 1978 eorum
1058 1921 1368 1990 rationem,
1399 1921 1498 1996 qui
1535 1939 1627 1978 res
1665 1920 1976 1977 hominum
2014 1919 2137 1996 regi

381 2015 589 2074 volunt
625 2018 748 2075 sive
790 2017 913 2076 fato
958 2020 1080 2076 sive
1126 2037 1299 2086 casu3
1345 2017 1754 2076 lubentissime
1784 2035 1941 2083 ver0,
1973 2016 2137 2091 quasi

379 2131 486 2188 per
541 2120 934 2183 transennam,
982 2121 1338 2172 monstraret
1395 2113 1792 2189 aequissimum
1853 2110 2138 2168 Numinis

381 2208 455 2267 O.
489 2208 580 2266 Μ.
612 2210 867 2279 oculum,
899 2211 1070 2269 bonis
1112 2211 1402 2286 malisque
1444 2209 1666 2286 pariter
1707 2207 2136 2284 invigilantem,

380 2307 541 2363 omni
570 2307 701 2364 loco
730 2327 799 2365 ac
829 2316 1114 2384 tempore.
1198 2307 1334 2376 Quo
1364 2307 1433 2364 fit
1462 2313 1532 2363 ut
1561 2324 1739 2363 nemo
1770 2304 1943 2361 facile
1973 2304 2139 2361 inve-

378 2403 590 2472 niatur,
622 2405 722 2480 qui
752 2404 827 2462 ab
857 2403 1312 2481 Agamemnone
1343 2402 1596 2480 legendo
1632 2421 1752 2458 non
1793 2420 1864 2458 eo
1900 2419 2139 2459 consur-

378 2506 481 2577 gat
517 2500 751 2568 affectu,
781 2507 849 2557 ut
877 2500 1047 2557 malit
1077 2500 1186 2558 sibi
1217 2519 1354 2557 cum
1384 2518 1523 2576 rege
1551 2499 1651 2575 pio
1682 2498 1933 2555 exitium
1960 2516 2138 2573 quam

380 2616 517 2654 cum
559 2597 861 2674 parricidis
901 2616 1171 2655 securum
1216 2597 1341 2654 fore
1384 2595 1772 2672 triumphum.
1861 2594 2137 2653 Colorem

379 2700 582 2751 autem
625 2694 784 2752 hunc
824 2713 1054 2752 sacrum
1094 2700 1274 2770 atque
1313 2701 1542 2752 castum
1580 2694 1666 2750 rei
1706 2692 2045 2750 foedissimae
2075 2698 2138 2749 et

379 2791 754 2848 atrocissimae
784 2810 876 2860 eo,
906 2798 975 2848 ut
1005 2791 1150 2859 dixi,
1180 2790 1471 2868 praecipue
1501 2789 1774 2848 adhibuit
1797 2785 2134 2864 AEschyIUS‚

380 2887 536 2961 quod
588 2887 884 2963 sapienter
931 2887 1154 2964 fingere
1200 2887 1433 2944 noverit
1482 2905 1588 2962 par
1644 2885 1792 2942 illud
1843 2884 2134 2942 nobilium

379 2981 729 3040 mulierum:
770 3002 846 3040 ex
870 2983 1083 3058 quibus
1111 2984 1339 3041 incesta
1360 3002 1489 3058 quae
1519 2983 1595 3040 sit
1621 2988 1683 3039 et
1713 2982 1874 3038 omni
1904 2980 2136 3056 polluta

379 3079 641 3146 crimine,
671 3098 747 3136 ne
776 3079 902 3154 ipsa
932 3079 1171 3154 quidem
1202 3081 1313 3137 sibi
1343 3086 1655 3156 temperat,
1686 3079 1829 3153 quin
1859 3097 1920 3135 se
1950 3077 2136 3134 fatea-

379 3181 478 3231 tur
505 3175 693 3233 imbui
735 3175 1020 3254 religione
1050 3177 1321 3253 quadam,
1353 3183 1416 3234 et
1445 3176 1755 3253 praesentis
1786 3174 1902 3231 Dei
1942 3193 2132 3231 sensu.

378 3270 594 3329 Altera
622 3291 780 3342 ver0,
810 3274 967 3348 quod
1004 3293 1150 3349 pace
1180 3274 1430 3331 dixerim
1468 3272 1722 3330 nominis
1758 3272 1914 3329 inter
1947 3290 2136 3346 pauca

378 3368 711 3435 venerandi,
771 3368 1114 3427 occubuisse
1176 3375 1448 3426 narratur
1507 3367 1884 3427 MARTYRUM
1947 3367 2134 3423 ferme

377 3464 530 3532 ritu;
582 3465 798 3540 quippe
838 3485 973 3540 quae
1011 3465 1214 3523 volens
1253 3466 1538 3543 sanguine
1581 3484 1688 3523 suo
1724 3463 2130 3522 testimonium

378 3561 756 3618 sanctissimae
787 3562 1023 3618 veritati
1053 3561 1435 3637 perhibuerit.
