2320 4126
164 293 321 328 PRAEL.
343 292 414 324 ix,
506 270 658 322 varia
671 286 772 337 pro
798 266 962 318 variis
986 263 1304 315 dominorum
1328 261 1561 330 domaniis,
1807 259 1912 309 143

165 410 387 468 Audite
426 407 605 463 etiam
652 411 884 479 postero
916 401 1030 468 die,
1061 398 1307 474 propriis
1341 398 1468 471 jam
1504 396 1687 470 equiS‚
1718 401 1786 451 ut
1825 394 1910 460 fit,

165 525 289 564 sese
306 497 699 579 jactantemi:

454 619 536 665 οἷοι
557 622 711 677 Τρώϊοι
731 618 868 669 ἵπποι,
890 616 1166 672 ἐπιστάμενοι
1186 614 1351 658 πεδίοιο

454 693 634 750 κραιπνὰ
653 691 753 748 μάλ’
777 690 878 734 ἔνθα
899 689 967 731 καὶ
987 688 1088 732 ἔνθα
1109 686 1310 744 διωκέμεν
1330 684 1404 742 ἧδέ
1425 684 1657 744 φέρεσθαι.

169 801 370 875 Longe
414 795 527 853 alia
569 812 736 850 mens
780 799 870 849 est
917 791 1212 858 HectoriS‚
1245 789 1374 856 alia,
1406 788 1479 845 ad
1517 805 1700 863 equos
1732 805 1913 854 versa,

168 895 371 952 oratio,

457 974 531 1016 νῦν
548 970 623 1027 μοὶ
643 969 719 1025 τὴν
740 965 916 1025 κομιδὴν
937 967 1203 1018 ἀποτίνετον,
1225 966 1276 1023 ἣν
1296 967 1414 1023 μάλα
1434 965 1606 1021 πολλὴν

453 1043 741 1100 Ἀνδρομάχη,
765 1042 954 1100 θυγάτηρ
975 1039 1273 1098 μεγαλήτορος
1291 1038 1537 1089 Ἠετίωνος,

457 1115 556 1171 ὑμῖν
574 1114 662 1170 πὰρ
683 1112 940 1171 προτέροισι
960 1112 1207 1169 μελίφρονα
1226 1111 1364 1168 πυρὸν
1384 1110 1547 1166 ἔθηκεν,

459 1186 574 1231 οἶνόν
593 1185 629 1229 τ’
653 1185 929 1243 ἐγκεράσασα
948 1186 1075 1235 πιεῖν,
1097 1182 1168 1227 ὅτε
1192 1183 1326 1239 θυμὰς
1347 1182 1517 1239 ἀνώγοι,

460 1258 484 1315 ἢ
507 1259 617 1315 ἐμοὶ,
640 1257 780 1315 ὅσπερ
804 1258 844 1300 οἱ
866 1257 1051 1313 θαλερὸς
1069 1258 1202 1300 πόσις
1223 1258 1403 1312 εὔχομαι
1426 1252 1561 1298 εἶναιῗ.

172 1368 315 1435 Quae
378 1363 518 1421 licet
582 1360 951 1438 grammatici
1016 1358 1303 1426 nonnulli,
1363 1356 1558 1414 festivi
1628 1355 1917 1433 homines,

174 1461 436 1517 Homero
487 1458 831 1534 abjudicent
852 1474 866 1523 ;
912 1455 1059 1510 mihi
1096 1461 1318 1521 tamen,
1357 1459 1427 1508 ut
1475 1471 1603 1526 quae
1641 1450 1918 1513 maxime,

175 1557 529 1614 Hectoream
576 1553 838 1611 indolem
882 1570 1086 1626 sapere
1118 1550 1428 1606 videntur:
1477 1568 1671 1624 neque
1711 1549 1921 1603 imme-

173 1657 284 1711 rito
314 1652 586 1728 componi
610 1669 779 1726 posse
804 1668 940 1706 cum
960 1647 1266 1714 Achilleis,
1288 1650 1415 1722 jam
1446 1653 1622 1703 antea
1650 1633 1921 1711 laudatis,

174 1751 383 1827 quibus
413 1749 558 1806 nihil
589 1749 650 1804 in
680 1747 1016 1823 hujusmodi
1046 1753 1398 1822 argumento
1430 1744 1810 1820 splendidius.

465 1870 603 1917 Ξάνθε
624 1888 671 1914 τε
692 1870 761 1913 καὶ
783 1869 926 1921 Βαλίε,
948 1868 1188 1924 τηλεκλυτὰ
1208 1868 1334 1912 τέκνα
1355 1867 1600 1925 Ποδάργης,

463 1943 609 1987 ἄλλως
629 1942 679 1998 δὴ
702 1940 925 1999 φράζεσθε
947 1939 1177 1997 σαωσέμεν
1197 1939 1375 1997 ἡνιοχῆα

464 2014 534 2072 ἂψ
558 2018 732 2058 Δαναῶν
753 2013 796 2058 ἐς
816 2012 983 2069 ὅμιλον,
1007 2013 1100 2055 ἐπεί
1120 2011 1161 2070 χ’
1185 2014 1320 2068 ἑῶμεν
1338 2010 1564 2067 πολέμοιο,

463 2086 575 2143 μηδ’,
597 2087 653 2131 ὣς
673 2086 941 2142 Πάτροκλον,
962 2083 1100 2128 λίπετ’
1123 2084 1253 2127 αὐτοῦ
1274 2083 1490 2139 τεθνηῶτα
1501 2082 1541 2126 Κ.

178 2191 381 2267 Atque
439 2211 509 2248 ea
559 2190 798 2265 quidem
857 2190 970 2246 hoc
1018 2196 1287 2264 tempore
1340 2187 1580 2263 protuli,
1625 2206 1756 2243 non
1811 2206 1928 2262 quo

179 2289 465 2356 docerem,
495 2289 643 2344 mire
673 2287 782 2344 sibi
824 2293 1095 2344 constare
1125 2285 1221 2342 vel
1261 2286 1323 2341 in
1366 2285 1628 2341 minimis
1669 2283 1931 2360 singulos

180 2385 396 2454 heroas,
429 2387 529 2443 sed
575 2405 690 2460 quo
722 2384 952 2460 planius
982 2383 1255 2450 facerem,
1288 2382 1469 2440 etiam
1507 2381 1567 2438 in
1604 2381 1717 2438 hac
1747 2387 1929 2456 parte,

180 2489 455 2556 tanquam
501 2482 562 2538 in
606 2501 670 2539 re
713 2481 974 2537 multum
1021 2479 1258 2548 dilecta,
1291 2479 1641 2556 diligentem
1684 2477 1760 2534 ab
1805 2476 1934 2533 Ho-

180 2597 339 2635 mero
370 2597 606 2654 operam
637 2577 855 2635 navari.

264 2673 383 2731 Sed
441 2675 718 2749 quoniam
767 2691 1054 2748 equorum
1105 2670 1361 2728 Achillis
1420 2669 1629 2727 incidit
1687 2670 1935 2738 mentiO,

182 2752 383 2847 religio
420 2778 574 2828 esset
613 2770 1026 2846 gravissimum
1061 2768 1369 2843 praeterire
1414 2786 1669 2833 carmen,
1701 2786 1817 2841 quo
1848 2766 1935 2822 illi

184 2866 468 2927 desiderio
518 2864 777 2934 Patrocli
820 2866 1210 2942 lacrymantes
1256 2864 1635 2921 inducuntur.
1722 2863 1936 2938 Itaque

183 2962 302 3043 illo,
337 2971 616 3038 tanquam
662 2955 925 3040 palmari,
969 2960 1310 3018 universum
1354 2960 1514 3017 hunc
1558 2960 1754 3017 locum
1800 2979 1939 3016 con-

186 3057 421 3131 cludere
479 3060 746 3116 decrevi:
820 3058 921 3134 qui
981 3059 1219 3133 quidem
1287 3058 1452 3114 locus
1517 3057 1577 3113 in
1646 3076 1717 3114 eo
1775 3063 1939 3113 totus

188 3161 468 3224 versatur,
497 3163 565 3213 ut
606 3151 942 3213 Homerum
978 3154 1334 3212 militaribus
1364 3153 1530 3229 quasi
1567 3152 1752 3209 oculis
1792 3150 1939 3208 nihil

189 3266 303 3304 non
335 3251 629 3324 aspexisse
660 3250 1000 3307 contendat.

480 3368 603 3413 ἵπποι
622 3369 658 3413 δ’
681 3369 900 3422 Αἰακίδαο,
922 3370 1063 3428 μάχης
1083 3367 1320 3412 ἀπάνευθεν
1341 3367 1497 3417 ἐόντες,

484 3443 646 3494 κλαῖον,
668 3442 812 3498 ἐπειδὴ
833 3447 983 3500 πρῶτα
1002 3440 1228 3496 πυθέσθην
1247 3438 1439 3497 ἡνιόχοιο

370 3614 383 3645 i
419 3615 473 3659 ΙΙ.
496 3616 587 3660 viii.
614 3628 711 3674 105,
997 3616 1008 3647 ³
1030 3631 1072 3660 v.
1099 3629 1199 3659 222.
1500 3613 1518 3638 ¹‘
1549 3613 1639 3657 xix.
1662 3625 1764 3666 400.
