2320 4126
411 242 521 297 <260
726 246 851 299 Non
877 247 1052 300 omnia
1078 246 1229 316 apud
1253 247 1537 299 Homerum
1564 245 1702 299 Fato
1727 244 1909 299 tribui.
1949 264 2110 297 PRAEL.
2132 264 2224 297 xv.

413 395 576 463 dum,
610 397 772 472 quod
818 396 1095 454 nonnulli
1140 397 1202 452 in
1253 394 1600 451 Homericis
1642 394 1848 451 videre
1894 413 1958 451 se
2003 401 2223 470 putant

412 495 710 570 expressis
744 495 939 552 verbis
985 500 1342 570 conceptam
1386 491 1586 550 fatalis
1631 493 1803 549 istius
1845 492 2073 550 decreti
2107 492 2227 549 for-

412 592 662 650 mulam.
755 591 950 652 Verbi
973 593 1186 669 gratia,
1219 592 1382 668 quod
1413 592 1544 671 ipsa
1575 591 1723 648 dicit
1758 590 2099 658 Minerva&

657 728 758 773 ἀλλ’
782 732 879 786 ἤτοι
902 729 1091 774 θάνατον
1110 731 1189 788 μὲν
1211 729 1385 788 ὁμοίῖον
1406 729 1508 773 οὐδὲ
1531 729 1625 773 θεοί
1644 747 1728 787 περ

655 803 725 846 καὶ
748 803 872 864 φίλῳ
898 803 1025 862 ἀνδρὶ
1047 802 1250 849 δύνανται
1271 803 1536 861 ἀλαλκέμεν,
1561 805 1729 848 ὁππότε
1752 820 1825 848 κεν
1846 803 1899 860 δὴ

653 879 774 936 μοῖρ’
796 876 905 934 ὀλοὴ
929 876 1160 934 καθέλῃσι.

413 1000 535 1059 Sed
583 1002 844 1060 viderint
890 1002 994 1078 qui
1035 1003 1157 1073 ista
1203 1008 1343 1059 sunt
1390 1002 1709 1070 sententia,
1742 1001 2045 1078 quomodo
2083 1021 2224 1058 con-

414 1101 618 1159 veniat
651 1121 790 1158 cum
823 1121 895 1159 ea
925 1101 1130 1159 nobile
1159 1100 1328 1169 illud,
1351 1101 1481 1177 jam
1513 1108 1655 1159 ante
1690 1101 2019 1168 laudatum,
2052 1099 2092 1158 J
2097 1101 2225 1157 ovis

411 1200 485 1257 O.
539 1199 631 1257 M.
693 1199 964 1268 effatum,
1024 1201 1185 1277 quod
1248 1200 1371 1270 ille,
1427 1200 1598 1258 velut
1650 1200 1962 1259 oraculum
2016 1200 2220 1276 adyt0‚

411 1299 643 1377 praefigi
679 1300 872 1358 voluit
904 1300 1184 1358 universo
1217 1300 1509 1358 carmini·v
1535 1319 1547 1357 ε

655 1438 688 1480 ὣ
709 1438 862 1489 πόποι,
886 1434 979 1482 οἷον
1001 1435 1053 1494 δὴ
1077 1456 1127 1482 νυ
1150 1437 1276 1484 θεοὺς
1295 1438 1453 1496 βροτοὶ
1474 1437 1735 1482 αἰτιόωνται·

1515 1512 1833 1528 ((((

655 1586 837 1644 σφῇσιν
857 1584 1187 1641 ἀτασθαλίῃσιν
1206 1584 1457 1645 ὑπέρμορον
1478 1584 1599 1644 ἄλγε’
1623 1583 1823 1644 ἔχουσιν.

412 1703 721 1781 Equidem
776 1724 897 1761 non
943 1705 1138 1772 vide0,
1185 1723 1305 1780 qua
1349 1705 1598 1762 tandem
1647 1706 1881 1762 ratione
1927 1712 2220 1783 congruat

408 1802 726 1882 ὑπέρμορον
755 1802 907 1860 illud
939 1823 1078 1860 cum
1111 1798 1323 1861 norma
1355 1802 1719 1861 Stoicorum.
1812 1803 1975 1873 Quid
2008 1803 2218 1861 enim?

413 1901 638 1959 Nonne
691 1908 900 1978 aperte
953 1902 1118 1970 dicit,
1169 1899 1461 1979 AEgistho
1507 1902 1690 1961 fuisse
1736 1904 1798 1959 in
1845 1902 1985 1960 fatis
2030 1902 2217 1960 alium

410 2020 652 2077 prorsus
685 2001 940 2069 exitum,
973 2002 1035 2057 ni
1067 2001 1195 2077 ipse
1232 2020 1339 2058 sua
1376 2001 1687 2059 dementia
1718 2002 1781 2058 in
1819 2021 1995 2059 suum
2036 2007 2219 2077 caput

411 2109 474 2157 et
504 2101 734 2158 crimen
767 2107 830 2157 et
861 2119 1104 2176 poenam
1135 2100 1524 2158 arcessisset?

502 2200 619 2258 His
671 2198 936 2277 gemella
982 2199 1173 2257 ferme
1226 2206 1387 2268 sunt,
1436 2206 1620 2276 atque
1674 2218 1752 2257 ex
1806 2199 1997 2257 altera
2048 2206 2220 2276 parte

411 2298 795 2374 respondent,
840 2295 1074 2374 Ulyssis
1116 2297 1379 2354 mendici
1418 2315 1646 2373 preceS,
1678 2297 1896 2373 quibus
1932 2297 2038 2354 ille
2075 2297 2221 2354 facit

408 2395 742 2472 periculum
770 2415 1108 2472 procorum,
1135 2403 1197 2453 et
1229 2396 1569 2473 praesertim
1588 2394 2219 2474 Amphinomi,primo

409 2515 488 2552 au
520 2496 595 2553 ad
627 2495 892 2571 inopiam
927 2494 1361 2552 sublevandam
1395 2495 1539 2552 satis
1563 2501 1845 2571 prompta
1863 2494 1984 2565 sint
2014 2514 2219 2563 manu,

409 2594 630 2652 deinde
683 2613 759 2652 an
807 2592 956 2650 velit
1002 2594 1254 2651 tandem
1303 2593 1518 2670 aliquis
1564 2613 1772 2651 eorum
1823 2594 2091 2671 recipere
2137 2612 2219 2664 se,

408 2701 479 2750 ut
510 2694 701 2760 aiunt,
734 2693 810 2749 ad
843 2693 1064 2750 bonam
1098 2692 1358 2770 frugem.

654 2832 711 2877 ὣς
732 2828 785 2875 ἂν
805 2829 948 2890 πύρνα
971 2832 1079 2875 κατὰ
1100 2833 1355 2889 μνηστῆρας
1376 2830 1563 2889 ἀγείροι,

651 2905 792 2964 γνοίη,
817 2903 855 2949 θ’
880 2903 1035 2951 οἵτινες
1056 2904 1172 2950 εἰσιν
1194 2905 1426 2964 ἐναίσιμοι,
1450 2906 1492 2949 οἱ
1513 2904 1549 2950 τ’
1567 2904 1815 2963 ἀθέμιστοι.

497 3023 657 3092 Fuit,
703 3032 774 3081 ut
822 3024 1080 3091 videtur,
1130 3023 1429 3081 Minervae
1476 3025 1538 3081 in
1584 3026 1801 3092 anim0‚
1850 3024 1944 3082 vel
1995 3026 2216 3083 devota

408 3142 644 3182 servare
690 3124 906 3200 capita,
951 3124 995 3180 si
1039 3124 1139 3199 qui
1192 3130 1476 3199 praestare
1515 3142 1578 3180 se
1625 3122 1814 3181 velint
1856 3123 2051 3182 salute
2093 3145 2213 3182 non

407 3223 712 3301 indignos:
747 3242 986 3300 prorsus
1018 3222 1210 3280 veluti
1240 3224 1612 3280 miserrimus
1646 3223 1958 3301 AEgisthus
1989 3224 2214 3283 scelere

408 3342 516 3380 suo
554 3329 891 3380 attraxerat
937 3322 1008 3380 ad
1055 3341 1119 3380 se
1165 3322 1444 3391 exitium,
1477 3329 1700 3398 praeter
1734 3329 2034 3392 naturam,
2062 3343 2217 3400 prae-

408 3428 622 3496 terque
674 3421 888 3478 fatum.
979 3420 1431 3498 Amphinomus
1491 3428 1715 3490 autem,
1777 3441 1916 3479 cum
1978 3423 2215 3480 caeteris

408 3520 486 3576 sit
516 3520 843 3589 honestior,
875 3539 1078 3578 rursus
1110 3521 1364 3578 docetur
1387 3539 1519 3595 quae
1552 3520 1630 3577 sit
1662 3520 1930 3578 conditio
1951 3521 2210 3586 vivendi,

650 3691 675 3714 Χ
711 3684 802 3729 od,
827 3685 888 3729 iii.
916 3696 1017 3742 237.
1783 3692 1807 3723 Y
1839 3686 1868 3729 i.
1894 3700 1967 3743 32.
