2320 4126
154 284 308 317 PRAEL.
326 283 376 315 X.
563 309 571 315 .
729 262 941 313 divitias
965 262 1307 330 contemplari.
1796 266 1902 318 157

152 392 387 482 praemia
439 413 864 482 proponuntur,
913 425 1118 462 verum
1170 405 1353 461 etiam
1405 405 1465 459 in
1513 404 1711 461 medio
1757 425 1902 480 prae-

150 501 360 557 liorum
420 502 669 567 turbine,
729 521 865 557 eum
924 501 1025 557 vix
1081 502 1142 556 in
1198 499 1418 556 talibus
1478 500 1647 556 otiari
1708 501 1900 558 solent

150 597 436 654 homines,
528 597 716 655 Verbi
749 616 939 663 causa,
971 595 1261 671 supplicat-
1295 595 1532 671 Lycaon
1563 594 1862 653 Achillib:

379 757 473 801 ἀντί
492 776 558 801 τοι
579 756 658 814 εἴμ’
683 758 838 809 ἱκέταο,
861 759 1115 815 Διοτρεφὲς,
1138 758 1332 801 αἰδοίοιο.

376 831 464 887 πὰρ
486 831 568 887 γάρ
591 848 664 874 σοι
684 832 840 890 πρώτῳ
860 831 1065 886 πασάμην
1087 830 1334 887 Δημήτερος
1354 831 1484 887 ἀκτὴν

378 904 503 958 ἤματι
524 905 598 961 τῷ,
621 901 692 945 ὅτε
711 901 754 958 μ’
779 899 897 947 εἷλες
917 901 1135 958 ἐϋκτιμένη
1158 902 1203 946 ἐν
1223 902 1340 958 ἀλωῇ

378 974 447 1016 καί
464 992 518 1030 με
533 973 775 1030 πέρασσας,
797 973 970 1018 ἄνευθεν
991 974 1106 1032 ἀγὼν
1126 977 1290 1032 πατρός
1311 994 1357 1018 τε
1379 976 1523 1033 φίλων
1543 995 1605 1028 τε,

380 1048 548 1102 Λῆμνον
569 1046 612 1091 ἐς
632 1044 829 1103 ἠγαθέην·
864 1047 1145 1103 ἑκατόμβοιον
1165 1047 1215 1090 δέ
1234 1066 1300 1091 τοι
1322 1046 1480 1105 ἦλφον.

147 1183 288 1240 Non
333 1189 422 1239 est
469 1183 688 1239 veritus
729 1181 848 1239 tale
885 1182 1106 1256 aliquid
1148 1183 1209 1238 in
1250 1202 1312 1239 re
1353 1184 1613 1239 maxime
1659 1183 1895 1260 lugubri

143 1280 408 1336 intexere
430 1289 468 1336 ⁰.
1837 1287 1840 1290 ’

364 1419 449 1466 ⁶99
469 1422 492 1464 ὁ
512 1421 590 1478 μὲν
610 1420 707 1464 αὖθι
726 1420 874 1465 πέσων
896 1419 1131 1477 κοιμήσατο
1152 1421 1340 1478 χάλκεον
1360 1420 1508 1473 ὕπνον,

375 1493 557 1550 οἰκτρὸς,
578 1493 664 1537 ἀπὸ
685 1495 877 1550 μνηστῆς
897 1493 1078 1551 ἀλόχου,
1100 1493 1304 1537 ἀστοῖσιν
1324 1492 1511 1552 ἀρήγων,

375 1566 601 1621 κουριδίης,
623 1564 672 1621 ἧς
693 1567 784 1609 οὔτι
805 1566 932 1623 χάριν
951 1563 1032 1616 ἴδε,
1054 1566 1202 1609 πολλὰ
1224 1564 1260 1608 δ’
1283 1566 1455 1610 ἔδωκεν·

374 1637 509 1694 πρῶθ’
533 1639 683 1681 ἑκατὸν
701 1640 809 1690 βοῦς
831 1638 976 1689 δῶκεν,
999 1638 1146 1681 ἔπειτα
1169 1637 1215 1680 δέ
1235 1637 1343 1694 χίλι’
1367 1638 1535 1694 ὑπέστη

372 1706 496 1767 αἶγας
517 1711 622 1766 ὁμοῦ
643 1711 711 1752 καὶ
732 1709 809 1760 ὅῖς,
830 1710 883 1752 τά
904 1710 943 1751 οἱ
964 1707 1133 1752 ἄσπετα
1153 1709 1443 1765 ποιμαίνοντο·

374 1781 424 1837 δὴ
446 1783 543 1825 τότε
562 1781 602 1839 γ’
623 1780 843 1838 Ἀτρείδης
861 1780 1139 1837 Ἀγαμέμνων
1160 1780 1416 1838 ἐξενάριξεν.

141 1908 364 1966 Passim
407 1928 598 1985 gazaS,
643 1910 806 1976 ebur,
842 1911 1098 1984 pretiosa
1137 1912 1421 1985 cujusque
1455 1911 1719 1979 κειμηλία,
1752 1931 1905 1968 eum⁴

137 2025 334 2063 amore
364 2007 617 2081 quodam
662 2013 929 2063 recenset
973 2013 1153 2082 atque
1197 2006 1418 2064 laudat.
1508 2008 1723 2076 Qualia
1751 2016 1889 2065 sunt

136 2102 238 2160 illa
267 2103 340 2161 de
371 2103 604 2178 poeu10,
635 2122 750 2177 quo
782 2103 856 2159 ad
886 2103 1193 2160 libandum
1222 2122 1362 2160 usus
1394 2111 1484 2161 est
1513 2102 1842 2161 Achillesd.
1894 2158 1898 2161 Α

373 2286 646 2298 ..........
662 2255 804 2310 χηλοῦ
826 2252 862 2296 δ’
885 2253 969 2297 ἀπὸ
991 2252 1101 2310 πῶμ’
1123 2253 1309 2315 ἀνέῳγεν

370 2327 514 2381 καλῆς,
537 2325 775 2381 δαιδαλέης,
797 2324 874 2382 τήν
894 2328 935 2369 οἱ
957 2325 1082 2371 Θέτις
1101 2326 1373 2384 ἀργυρόπεζα

370 2396 460 2453 θῆκ’
483 2397 554 2440 ἐπὶ
574 2399 672 2453 νῆος
692 2397 890 2455 ἄγεσθαι,
913 2396 960 2441 ἐῢ
981 2397 1194 2453 πλήσασα
1214 2401 1422 2455 χιτώνων,

368 2469 587 2524 χλαινάων
606 2467 642 2511 τ’
665 2469 1006 2525 ἀνεμοσκεπέων,
1030 2472 1169 2513 οὔλων
1190 2488 1235 2513 τε
1257 2469 1470 2525 ταπήτων·

368 2540 469 2583 ἔνθα
490 2539 539 2583 δέ
558 2541 599 2582 οἶ
620 2540 750 2586 δέπας
770 2541 872 2585 ἔσκε
893 2541 1162 2599 τετυγμένον,
1185 2542 1285 2584 οὔδε
1305 2560 1370 2587 τις
1390 2542 1526 2586 ἄλλος

367 2611 454 2656 οὔτ’
476 2612 641 2669 ἀνδρῶν
661 2613 862 2657 πίνεσκεν
882 2612 952 2656 ἀπ’
976 2613 1107 2656 αὐτοῦ
1128 2611 1287 2656 αἴθοπα
1308 2611 1436 2664 οἶνον,

368 2687 465 2727 οὔτε
487 2702 568 2744 τεῳ
592 2684 834 2728 σπένδεσκε
856 2684 979 2736 θεῶν,
1002 2683 1074 2727 ὅτε
1094 2684 1150 2739 μὴ
1174 2682 1247 2726 Διῒ
1263 2684 1411 2740 πατρί.

197 2812 375 2880 Quid,
400 2812 557 2886 quod
583 2811 835 2878 PriamO,
859 2810 1048 2867 filium
1073 2812 1132 2867 in
1157 2813 1464 2886 exsequias
1487 2813 1884 2888 redemptum,

133 2908 308 2964 etiam
351 2908 411 2963 in
452 2907 723 2963 laudibus
752 2908 891 2982 poni
922 2908 1173 2974 videtur,
1205 2909 1364 2982 quod
1399 2915 1618 2983 paterae
1648 2910 1883 2966 cuidam

133 3003 507 3077 splendidiori
538 3022 656 3058 non
685 3003 1047 3077 pepercerit?
1107 3002 1283 3070 Quid,
1309 3004 1467 3077 quod
1491 3004 1674 3060 semel
1705 3012 1884 3078 atque

132 3097 363 3164 iterum,
411 3098 684 3154 maximis
735 3104 797 3153 et
847 3099 1188 3154 miserrimis
1235 3099 1296 3153 in
1344 3099 1536 3164 rebUS,
1582 3100 1763 3155 etiam
1809 3101 1897 3156 de·

134 3193 360 3249 exuviis
402 3195 652 3250 armisve
696 3193 938 3268 pulvere
969 3194 1205 3249 foedat-is
1233 3194 1302 3249 fit
1338 3193 1614 3267 querela?
1703 3193 1882 3261 Quid,

132 3304 379 3359 quorum
421 3289 680 3344 maxime
716 3289 905 3363 gratia
934 3289 1167 3344 fortiter
1197 3289 1599 3344 dimicandum
1629 3288 1715 3344 ait
1746 3287 1884 3344 Sar-

132 3381 341 3455 pedon,
372 3402 567 3439 nonne
611 3402 681 3439 ea
720 3390 858 3439 sunt
903 3402 1031 3457 quae
1070 3383 1248 3438 militi
1289 3383 1544 3457 cuipiam
1587 3383 1661 3439 de
1699 3401 1880 3459 grege

1357 3592 1360 3594 ·
1439 3583 1456 3607 d

307 3581 325 3605 b
358 3582 409 3625 Il.
433 3584 521 3626 xxi.
547 3594 616 3640 75.
905 3590 922 3610 ‘³
955 3585 1013 3627 xi.
1040 3598 1139 3637 241.
1487 3579 1574 3626 xVi.
1601 3597 1700 3626 221.
