2320 4126
374 192 484 248 276
760 196 951 250 Poetas
972 197 1188 251 accendi
1214 199 1490 252 Poetarum
1516 206 1747 253 contactu
1755 220 1772 252 .·
1875 218 2036 253 PRAEL.
2055 219 2168 253 xvi.

378 362 618 420 cunque
636 347 910 422 gentium
931 366 1086 404 unus
1107 347 1520 423 primariorum
1543 348 1835 417 extiterit,
1846 348 2014 407 brevi
2027 349 2171 418 fore,

378 449 450 499 ut
480 443 707 510 ibidem
731 451 1014 502 noscatur
1036 444 1346 502 luxuriosa
1367 464 1549 521 prave
1578 445 1948 504 imitantium
1980 466 2171 524 segeS.

380 541 560 611 Quod
581 550 787 600 autem
807 549 1041 601 metuat
1060 542 1291 619 aliquiS,
1313 544 1568 602 eandem
1587 545 1665 602 ob
1685 564 1927 603 causam
1949 545 2173 604 multos

379 640 455 698 ad
480 640 787 698 silentium
813 642 1023 719 redigi,
1048 642 1150 717 qui
1175 641 1435 700 feliciter
1464 643 1540 701 ad
1571 643 1836 701 carmina
1857 645 2174 722 pangenda

378 738 524 797 alias
554 739 888 817 aggressuri
919 747 1137 809 essent,
1169 741 1231 798 id
1263 742 1376 799 etsi
1414 743 1612 818 specie
1645 743 1769 800 veri
1800 762 1922 799 non
1951 749 2172 812 careat,

374 838 718 896 invenietur
750 840 851 896 vix
881 839 1100 897 rationi
1131 848 1623 899 consentaneum.
1714 840 1969 899 Poetam
2010 842 2172 899 enim

374 936 666 996 hodierna
718 939 1127 1016 disputatione
1178 938 1570 1017 appellamus,
1618 960 1740 998 non
1792 941 1893 1017 qui
1953 943 2173 1019 magno

374 1026 585 1115 populi
633 1038 848 1115 plausu
901 1059 1106 1097 versus
1155 1059 1293 1098 suos
1344 1041 1406 1098 in
1459 1040 1659 1098 lucem
1711 1041 1868 1107 edat,
1918 1040 2022 1098 sed
2070 1040 2174 1117 qui

373 1157 596 1216 magno
628 1139 719 1197 sui
751 1138 964 1197 solatio
996 1140 1156 1197 domi
1192 1140 1406 1198 sedens
1435 1159 1719 1198 numeros
1749 1147 1813 1197 et
1843 1140 2026 1197 verba
2047 1159 2176 1197 me-

376 1236 625 1297 ditetur.
714 1237 889 1296 Tales
929 1244 1137 1296 autem
1182 1237 1286 1314 qui
1326 1237 1462 1307 sint,
1510 1257 1853 1315 quanquam
1888 1237 2064 1295 inviti
2109 1244 2172 1296 et

373 1346 722 1396 recusantes
753 1339 953 1396 sinant
991 1338 1212 1414 scripta
1242 1356 1349 1395 sua
1378 1337 1440 1394 in
1470 1356 1685 1396 manus
1716 1338 1939 1406 venire,
1970 1338 2173 1396 nescio

375 1435 658 1510 equidem
706 1456 813 1493 cur
865 1435 1021 1514 stylo
1074 1442 1327 1494 utantur
1379 1437 1668 1514 segniore,
1722 1436 1884 1513 quod
1943 1436 2174 1495 scilicet

372 1534 695 1593 inciderint
719 1537 782 1593 in
807 1544 1006 1594 vatem
1033 1535 1298 1612 aliquem
1322 1536 1650 1614 egregium,
1676 1543 1860 1612 atque
1884 1536 2035 1594 adeo
2058 1535 2170 1594 sibi

372 1635 564 1712 magis
613 1654 739 1694 suae
788 1635 1224 1694 mediocritatis
1272 1634 1419 1693 facti
1472 1636 1592 1694 sint
1637 1636 1882 1694 conscii.
1973 1634 2172 1693 Immo

371 1733 577 1793 videre
629 1734 779 1792 mihi
826 1735 1034 1792 videor
1079 1735 1343 1793 rationes
1386 1734 1637 1793 minime
1682 1735 2172 1804 contemnendaS,

372 1854 481 1892 cur
529 1834 846 1893 alacriores
890 1835 965 1893 ad
1011 1835 1396 1893 scribendum
1443 1835 1610 1904 fiant,
1656 1842 1978 1912 postquam
2031 1854 2173 1893 con-

373 1935 684 2011 spexerint
729 1935 792 1992 in
840 1954 1021 2012 opere
1069 1935 1332 2012 quodam
1391 1934 1736 2004 immortali,
1786 1936 1931 2012 quid
1983 1935 2171 2013 possit

373 2036 597 2095 nativae
630 2035 890 2094 Poeseos
920 2035 1089 2112 quasi
1122 2035 1197 2093 de
1228 2035 1381 2094 coelo
1413 2035 1615 2094 delata
1645 2035 1751 2093 vis.

482 2135 705 2204 Primo,
767 2143 1056 2212 tanquam
1130 2136 1285 2214 ignis
1342 2136 1503 2215 igne,
1562 2136 1650 2194 ita
1714 2135 1905 2194 ferme
1970 2142 2170 2213 poetae

374 2254 662 2294 accensus
729 2235 965 2292 animus
1038 2234 1191 2293 alius
1251 2242 1450 2312 poetae
1511 2235 1680 2312 quasi
1740 2242 2027 2294 contactu
2084 2235 2172 2293 fo-

371 2343 566 2395 vetur.
643 2334 892 2392 Timidi
950 2354 1020 2393 ac
1078 2334 1416 2412 pudibundi
1474 2334 1769 2403 homines,
1828 2334 1931 2412 qui
1991 2342 2173 2395 antea

372 2435 487 2494 sibi
545 2435 732 2494 etiam
805 2435 949 2512 ipsis
1008 2435 1111 2492 vix
1171 2442 1236 2493 et
1293 2454 1371 2493 ne
1433 2435 1534 2493 vix
1600 2435 1846 2511 quidem
1912 2434 2170 2502 confessi

372 2542 544 2594 erant
601 2535 942 2597 animorum
994 2553 1241 2593 suorum
1293 2552 1519 2603 sensus,
1568 2553 1691 2591 non
1738 2533 2022 2592 dubitant
2078 2555 2172 2593 ar-

371 2654 522 2693 cana
565 2635 682 2694 ista
727 2634 1174 2693 communicare
1213 2633 1660 2711 quodammodo
1705 2653 1845 2692 cum
1881 2635 2170 2712 scriptore

371 2734 559 2793 semel
590 2735 910 2806 adamato;
957 2735 1290 2793 amicorum
1320 2733 1454 2792 loco
1476 2733 1706 2792 habent
1735 2733 2001 2792 carmina
2030 2753 2170 2792 cum

370 2834 679 2892 mentibus
716 2835 837 2893 suis
873 2841 937 2892 et
982 2833 1300 2892 affectibus
1341 2834 1565 2891 eximie
1606 2834 2037 2912 congruentia:
2083 2834 2171 2891 ita

369 2933 665 3010 paulatim
709 2934 1057 2992 audaciores
1102 2933 1264 3002 facti,
1311 2933 1402 2991 sui
1446 2953 1688 3010 quoque
1735 2934 1964 2992 faciunt
2016 2932 2170 3010 peri-

371 3034 617 3110 culum3
680 3034 921 3093 discunt
966 3036 1265 3093 cantando
1311 3033 1471 3092 viam
1516 3034 1739 3104 lenire;
1801 3034 2062 3110 denique
2106 3038 2170 3094 et

369 3134 499 3212 ipsi,
532 3134 739 3212 quales
770 3133 995 3212 quales,
1028 3135 1296 3192 evadunt
1326 3140 1546 3211 poetae.
1639 3133 1791 3204 Quis
1821 3133 1934 3192 scit
1963 3151 2041 3191 an
2070 3130 2172 3191 hic.

369 3241 433 3292 et
463 3234 689 3311 ubique
725 3234 947 3292 habeat
992 3233 1252 3292 eximius
1283 3233 1536 3309 quisque
1568 3239 1737 3290 vates
1774 3251 1949 3291 suum
1982 3250 2171 3308 quen-

368 3334 508 3392 dam
555 3333 986 3411 discipulorum
1030 3353 1294 3412 gregem,
1340 3335 1443 3409 qui
1488 3332 1679 3390 veluti
1725 3330 2047 3391 scintillam
2092 3330 2170 3389 ab

367 3451 440 3491 eo
464 3434 745 3492 emissam
768 3433 954 3492 tacite
982 3453 1054 3491 ac
1085 3433 1346 3491 latenter
1368 3432 1628 3501 foveant,
1654 3450 1847 3508 eoque
1878 3429 2166 3489 cariorem

364 3531 648 3604 habeant,
682 3554 800 3611 quo
831 3534 1101 3592 abditam
1131 3532 1358 3611 magis?
1462 3531 1680 3608 Itaque
1717 3529 1881 3588 omni
1922 3528 2056 3587 loco
2095 3546 2165 3585 ac

365 3637 643 3710 tempore
690 3632 796 3690 fiet
849 3631 1306 3708 exspectatione
1357 3630 1549 3706 major
1600 3648 1810 3686 eorum
1860 3643 2162 3692 numeruS,
