2320 4126
385 254 495 305 128
770 252 992 305 Eoeimia
1019 252 1294 305 castrensis
1318 251 1482 304 turba)
1509 251 1798 322 descriptio,
1926 270 2087 304 PRAEL.
2112 271 2185 306 lx,

384 416 519 455 eam
561 398 811 456 confuso
853 398 1056 455 sonitu
1089 397 1428 464 verborum,
1467 414 1747 472 coecoque
1787 395 2051 454 militum
2089 415 2186 454 ru-

385 497 620 554 entium
660 496 894 572 impetu
927 495 1161 553 confici.
1254 493 1425 552 Nihil
1459 493 1675 552 clarius
1715 513 1788 553 ea
1825 495 2184 562 narratione,

384 595 547 671 quod
594 596 671 653 ad
717 595 990 653 ordinem
1030 594 1272 662 attinet,
1312 611 1663 669 nexumque
1708 593 1991 669 partium,
2036 591 2187 649 nihil

383 694 635 751 memini
679 713 779 751 me
823 671 1041 770 legisse
1085 691 1455 760 accuratius3
1510 692 1690 748 eredo
1737 691 2020 767 equidem
2052 678 2184 748 'non

384 791 581 849 multa
621 798 876 860 exstare,
916 788 1054 867 quae
1095 791 1340 867 propius
1386 791 1461 848 ad
1510 791 1810 850 Naturam
1857 810 2188 867 verumque

383 890 694 948 accedant.

501 985 794 1054 Primum,
847 979 918 1044 ut
978 1006 1121 1064 apes
1174 987 1430 1065 singulae
1491 1006 1720 1064 specmS,
1781 988 1869 1045 ita
1924 989 2187 1046 tentoria

384 1084 605 1162 singuli
650 1084 936 1161 linquunt
980 1085 1240 1144 milites:
1305 1104 1562 1162 quorum
1608 1086 1776 1162 quasi
1830 1086 2186 1143 continuum

384 1183 636 1260 lapsum,
670 1185 767 1243 vel
798 1186 999 1263 pueris
1039 1191 1275 1254 notum,
1307 1185 1539 1261 optime
1577 1184 1852 1262 depingit
1882 1184 2051 1251 illud,
2085 1184 2185 1241 αἰεὶ

386 1280 501 1340 νεὸν
544 1284 911 1363 ἐρχομενάων.
1004 1283 1245 1342 Deinde
1286 1303 1407 1341 non
1449 1302 1572 1340 uno
1602 1282 2018 1361 glomerantur
2048 1303 2189 1341 exa-

384 1385 570 1454 mine,
620 1383 725 1442 sed
784 1382 939 1441 laxis
998 1383 1166 1458 quasi
1227 1381 1570 1460 agminibus
1628 1382 1940 1449 incedunt,
1992 1378 2189 1439 ἰλαδὸν

385 1483 457 1545 εἰς
488 1481 721 1562 ἀγορήν,
747 1480 1263 1558 quemadmodum
1293 1498 1435 1556 apes
1465 1475 1764 1557 βοτρυδὸν,
1797 1498 1906 1536 suo
1936 1479 2190 1555 quisque

384 1581 648 1647 tramite,
709 1588 780 1638 ut
831 1581 919 1649 fit,
980 1587 1191 1656 aperto
1249 1585 1433 1654 atque
1492 1579 1657 1635 nudo
1717 1576 1913 1635 litore.
2027 1577 2189 1635 Illud

385 1685 611 1746 autem,
644 1676 820 1746 ἦΐονος
850 1673 1211 1758 προπάροιθε
1247 1676 1490 1748 βαθείης,
1521 1677 1682 1753 ipsos
1712 1695 1954 1752 quoque
1985 1675 2190 1734 oculos

385 1778 629 1835 videtur
665 1777 861 1844 ferire,
894 1775 1336 1833 transeuntium
1382 1775 1577 1833 forma
1618 1782 1681 1833 et
1721 1776 1995 1844 incessu3
2041 1794 2190 1851 quos

386 1883 677 1952 tanquam
709 1897 744 1935 e
772 1883 933 1934 terra
963 1881 1236 1952 spectare
1267 1893 1330 1932 se
1359 1873 1536 1952 fingit
1562 1873 1771 1943 Poeta,
1803 1874 2190 1951 interpositos

386 1975 672 2034 videlicet
724 1976 885 2034 inter
937 1994 998 2032 se
1059 1981 1123 2031 et
1175 1973 1543 2050 profundum
1597 1972 1771 2030 illum
1823 1974 2075 2049 aequoris
2127 1982 2190 2031 et

386 2075 524 2134 coeli
563 2095 939 2143 concursum,
987 2075 1113 2132 sive
1159 2074 1254 2149 (ut
1296 2093 1436 2131 cum
1472 2073 1603 2150 ipso
1648 2072 1990 2150 loquamur)
2037 2071 2188 2140 ἤΐονα

385 2175 638 2247 βαθεῖαν.
730 2175 900 2232 Num
946 2174 1147 2251 potuit
1193 2173 1522 2249 quidquam
1578 2172 1834 2230 describi
1887 2173 2189 2232 vividius?

387 2282 450 2332 et
488 2281 696 2332 tamen
735 2274 1017 2332 dubitant
1058 2273 1338 2330 homines
1377 2291 1453 2329 an
1486 2271 1793 2329 veteribus
1832 2271 1952 2329 illis
1984 2271 2189 2330 Poetis

385 2371 796 2440 ——dubitant,
845 2373 1113 2449 inquam,
1159 2391 1233 2429 an
1287 2370 1399 2447 ipsi
1457 2370 1730 2428 Homero
1778 2371 1934 2428 bene
1981 2371 2190 2448 depin-

385 2472 569 2548 gendi
605 2471 850 2530 laudem
887 2469 1190 2529 tribuant!
1265 2469 1388 2528 Sed
1420 2468 1495 2526 de
1537 2489 1608 2527 ea
1648 2488 1712 2526 re
1743 2469 2005 2527 viderint
2042 2470 2187 2547 ipsi:

385 2570 700 2629 nobiseum
733 2571 963 2629 faciunt
992 2570 1053 2627 hi
1088 2588 1312 2637 versuS,
1337 2568 1496 2644 quod
1531 2574 1595 2625 et
1625 2567 1935 2625 oculatum
1966 2575 2187 2627 testem

386 2667 713 2738 declarant,
752 2675 815 2727 et
861 2688 998 2726 eum
1047 2687 1252 2726 amore
1288 2667 1552 2743 quodam
1593 2665 1948 2743 simpliciter
1987 2668 2050 2724 in
2095 2686 2188 2725 res

385 2766 678 2825 militares
709 2768 1035 2825 intentum.

474 2864 830 2942 Sequuntur
857 2865 1180 2943 magnifica
1210 2885 1385 2924 sane:

875 3017 1123 3028 ......
1155 2984 1266 3042 μετὰ
1287 2983 1339 3029 δέ
1358 2981 1697 3043 σφισιν”οσἀα
1718 2983 1860 3040 δεδήει

689 3056 919 3115 ὄτρῦνουσ’
941 3055 1066 3110 fem,
1090 3059 1194 3104 Διὸς
1214 3058 1404 3117 ἅγγελος
1437 3091 1684 3102 ......

388 3162 616 3220 Cavete
699 3168 904 3219 autem
981 3161 1362 3230 existimetis,
1435 3161 1552 3219 hoo
1627 3181 1768 3219 eum
1843 3161 2186 3220 adhibuisse

386 3259 639 3317 ornandi
679 3265 921 3316 tantum
966 3259 1192 3336 gratia:
1239 3257 1431 3334 qualis
1462 3258 1653 3317 ferme
1699 3267 1791 3317 est
1824 3239 2186 3318 Criticorum

386 3357 702 3415 hominum
777 3357 1095 3426 sententia,
1157 3358 1205 3414 si
1281 3358 1520 3434 quando
1596 3364 1812 3415 tenues
1885 3377 1979 3415 res
2046 3375 2182 3415 curn

386 3456 589 3513 sonitu
649 3463 712 3514 et
773 3456 1055 3533 ampullis
1124 3455 1474 3514 efferuntur.
1595 3455 1686 3514 Ut
1762 3457 1959 3514 dicam
2025 3454 2186 3531 quod

386 3571 527 3610 vere
569 3555 860 3612 sentiam:
889 3556 1011 3630 vqui
1052 3556 1115 3617 in
1155 3555 1493 3614 istiusmodi
1523 3562 1882 3633 argumento
1914 3562 2181 3612 mentem

388 3648 595 3708 Poetae
655 3651 787 3709 vult
855 3654 1109 3730 assequi,
1170 3661 1348 3712 erunt
1413 3655 1467 3712 ei
1529 3661 1728 3731 partes
1788 3652 2184 3729 suscipiendae
