2320 4126
322 213 433 265 338
475 211 621 279 Quid
635 211 695 266 in
722 206 961 284 Trayicis
986 210 1153 265 valeat
1175 210 1436 264 interdum
1456 210 1513 263 τὸ
1533 215 1744 279 γελοῖον
1769 230 1781 262 :
1825 228 1985 263 PRAEL.
2007 228 2124 262 mx.

326 358 491 429 Quin
522 364 586 417 et
618 357 896 435 Opheliae
930 354 1386 416 moestissimum
1416 356 1598 413 funus
1634 355 1981 432 auspicatur
2009 356 2128 415 fos-

322 476 526 515 sorum
557 476 680 533 par,
711 457 872 515 inter
918 475 982 514 se
1012 475 1121 514 suo
1152 473 1322 512 more
1350 454 1575 512 rustice
1606 460 1670 511 et
1699 453 2129 530 intempestive

325 555 745 633 garrientium.
838 553 1147 611 Sexcenta
1190 558 1333 610 sunt
1375 551 1508 620 alia,
1555 570 1687 627 quae
1735 552 1963 608 nemini
2006 571 2129 610 non

323 652 572 709 venient
605 652 667 708 in
698 657 992 708 mentem.

411 743 636 826 Neque
675 768 817 806 vero
854 768 990 806 eam
1031 767 1161 805 rem
1197 747 1341 805 solis
1377 753 1696 824 poetarum
1733 746 2128 816 acuminibuS‚

323 847 699 926 Tragicoque
758 846 1013 905 artificio
1068 846 1275 903 deberi
1326 846 1705 904 crediderim.
1819 845 2131 902 Nimirum

320 946 451 1004 istis
511 965 635 1003 non
686 945 869 1003 modo
922 944 1091 1021 quasi
1140 943 1456 1002 contrariis
1507 943 1876 1020 percellitur,
1926 943 2134 1020 erigit-

321 1063 440 1120 que
477 1062 542 1102 se
575 1045 829 1111 animus,
868 1044 974 1102 sed
1020 1050 1084 1101 et
1121 1042 1511 1120 profundiore
1547 1042 1810 1119 quodam
1851 1041 2131 1099 humanae

323 1143 501 1200 sortis
538 1161 718 1200 sensu
757 1143 1065 1221 tangitur3
1119 1156 1446 1217 veramque
1483 1140 1872 1199 mortalitatis
1909 1146 2132 1198 nostrae

322 1231 586 1315 effigiem
617 1232 908 1316 agnoscit,
940 1237 1214 1297 molestis
1243 1232 1363 1297 illis
1394 1238 1730 1315 subitisque
1759 1257 1960 1296 rerum
1992 1257 2134 1296 con-

322 1338 717 1397 versionibus.
809 1337 1040 1396 Extitit
1088 1338 1272 1395 etiam
1322 1337 1438 1396 hac
1490 1337 1784 1396 memoria
1830 1336 1922 1394 vir
1966 1356 2136 1415 mag-

321 1454 456 1506 nus,
487 1456 645 1506 acer,
675 1436 1106 1504 memorabiliS,
1132 1437 1235 1512 qui
1267 1436 1492 1494 afflicto
1525 1437 1818 1506 exercitu,
1850 1437 1978 1513 ipse
2007 1435 2134 1496 fere

321 1530 536 1610 capitis
574 1532 789 1604 minor,
827 1529 1137 1593 confessus
1177 1542 1270 1593 est
1311 1534 1602 1594 Fortunae
1645 1534 1882 1613 lapsum
1923 1533 2020 1592 vel
2060 1553 2133 1591 eo

320 1632 451 1690 fieri
500 1632 891 1701 acerbiorem,
939 1634 1103 1709 quod
1154 1633 1432 1709 proxime
1478 1633 1636 1691 absit
1680 1652 1716 1691 a
1759 1632 1904 1690 ludo
1949 1638 2134 1708 atque

309 1729 454 1806 joco
468 1726 504 1787 f.
597 1729 851 1788 Nefarie
888 1729 993 1788 ille
1034 1731 1281 1807 quidem
1326 1738 1391 1789 et
1434 1731 1737 1800 atrociter,
1779 1730 1881 1807 qui
1922 1729 2134 1787 luserit

319 1829 383 1886 in
445 1848 554 1887 suo
617 1828 889 1907 fiagiti03
962 1829 1025 1887 id
1084 1836 1290 1887 tamen
1343 1836 1633 1906 peracute
1693 1848 1762 1887 ac
1822 1828 2132 1886 verissime

322 1927 577 1996 dictum,
637 1928 943 2004 pertinere
1003 1928 1253 1985 omnino
1313 1928 1389 1985 ad
1447 1920 1747 1985 malorum
1800 1926 2131 1996 cumulum,

323 2026 486 2101 quod
530 2027 617 2084 rei
654 2026 948 2103 cujusque
990 2045 1230 2104 magnae
1270 2026 1741 2102 miserrimaeque
1777 2025 1997 2083 vicinia
2039 2044 2133 2083 re-

322 2123 479 2181 ferta
518 2124 597 2181 sit
640 2125 795 2182 adeo
839 2120 1117 2181 ludibriis
1162 2129 1348 2200 atque
1387 2123 1584 2202 nugiS.
1674 2120 2012 2201 Anguntur
2043 2124 2135 2181 in-

322 2221 550 2291 felices,
590 2221 841 2298 (quippe
876 2222 1181 2279 teneriore
1218 2240 1458 2298 semper
1494 2222 1722 2300 animo)
1763 2221 1955 2280 veluti
1995 2221 2133 2279 Nu-

322 2317 588 2378 minibus
623 2319 768 2396 ipsis
805 2318 1212 2387 irridentibuS‚
1252 2319 1301 2376 si
1339 2319 1500 2395 quod
1538 2319 1791 2378 fortasse
1829 2319 2032 2377 medio
2067 2319 2131 2377 in

323 2417 498 2475 luctu
535 2416 800 2495 vulgare,
838 2416 1098 2485 triviale,
1134 2416 1458 2474 ridiculum
1489 2425 1782 2475 occurrat.
1873 2415 1971 2476 Ac
2002 2417 2131 2476 fieri

321 2522 545 2592 potest,
599 2523 671 2574 ut
730 2515 855 2573 tale
915 2514 1143 2591 aliquid
1203 2516 1265 2572 in
1326 2534 1507 2573 causa
1566 2516 1664 2585 sit,
1717 2536 1825 2575 cur
1882 2524 1977 2576 tot
2035 2537 2130 2576 res

322 2615 596 2673 leviculae
636 2635 746 2692 per
796 2634 860 2673 se
907 2634 979 2673 ac
1030 2613 1280 2673 ludicrae
1326 2613 1621 2673 laevorum
1669 2615 1940 2674 ominum
1994 2616 2128 2675 loco

319 2713 675 2783 habeantur,
721 2733 844 2771 non
888 2714 1071 2771 modo
1119 2720 1394 2771 veterum
1442 2713 1838 2772 Etruscorum
1872 2715 2126 2790 judicio,

320 2812 426 2870 sed
466 2820 530 2871 et
562 2813 835 2870 omnium
866 2812 992 2869 fere
1022 2811 1358 2880 hominum,
1390 2811 1609 2888 quibus
1639 2811 1765 2870 ulla
1800 2819 1942 2871 sunt
1972 2833 2129 2871 curae

319 2910 589 2986 auguria.
681 2909 1014 2986 Utcunque
1047 2910 1182 2978 erit,
1214 2910 1474 2968 arbitror
1503 2911 1786 2987 equidem
1817 2931 1939 2969 non
1971 2912 2127 2969 bene
2161 2908 2182 2917 ²

318 3014 527 3065 actum
578 3007 651 3064 iri
703 3025 843 3066 cum
898 3008 1232 3086 Tragoedia,
1278 3005 1479 3085 siquiS‚
1526 3011 1933 3068 recentiorum
1983 3004 2129 3068 Gal-

319 3104 517 3163 lorum
556 3125 742 3174 more,
789 3125 868 3164 ex
909 3108 1038 3182 ejus
1077 3107 1299 3165 finibus
1345 3107 1594 3166 exulare
1633 3127 1874 3184 prorsus
1908 3108 2127 3184 jubeat

318 3204 579 3262 comicas
623 3204 687 3261 id
730 3223 922 3282 genus
966 3223 1267 3281 personas,
1359 3205 1514 3263 Eam
1560 3214 1726 3265 certe
1783 3226 1964 3283 quam
2016 3226 2126 3265 nos

318 3308 649 3360 tractamus
686 3302 955 3360 fabulam
986 3322 1265 3361 mancam
1297 3310 1482 3379 atque
1514 3302 1778 3363 debilem
1818 3305 1947 3363 fore
1984 3321 2124 3363 cen-

320 3417 442 3468 se0,
497 3401 783 3459 detractis
830 3400 1054 3478 garruli
1108 3400 1252 3459 licet
1298 3402 1566 3460 custodis
1616 3401 1921 3479 partibus;
1988 3421 2121 3480 quae

773 3614 791 3644 f
822 3614 965 3668 Scott,
989 3615 1097 3671 lasse
1117 3616 1175 3670 of
1189 3616 1436 3672 Ναροῑεοη,
1459 3617 1536 3662 vii.
1561 3631 1666 3675 393.
