2320 4126
185 279 340 312 PRAEL.
360 278 451 311 xn.
512 259 686 328 Viqere
709 266 816 310 tum
840 258 992 310 etiam
1018 257 1170 308 varia
1193 256 1253 308 de
1276 258 1400 326 Rep.
1425 257 1616 309 studia.
1819 261 1924 310 205

184 395 256 451 ad
297 413 356 451 se
392 395 605 460 omnia,
637 412 740 450 seu
778 412 994 450 nomen
1034 391 1223 467 plebis
1267 391 1478 449 callide
1515 392 1924 462 venditarent;

185 488 283 544 vix
329 488 453 543 fieri
498 488 710 562 potuit,
756 488 896 561 quin
938 486 1076 543 huic
1119 493 1223 544 aut
1269 486 1354 544 illi
1403 493 1578 544 sectae
1623 486 1924 544 addictum

184 603 308 640 sese
338 583 610 658 proderet
640 584 888 659 scriptor
917 582 1239 659 Odysseiae.

284 678 557 735 Fortasse
601 679 783 754 igitur
821 698 940 735 non
983 678 1086 735 abs
1131 696 1193 734 re
1237 677 1369 744 erit,
1414 678 1460 734 si
1500 697 1688 753 pauca
1729 679 1925 753 dispu-

183 773 381 832 tavero
423 775 483 830 in
522 775 673 831 hanc
716 775 1088 840 sententiam,
1124 781 1193 830 ut
1228 774 1551 840 ostendam,
1587 772 1920 831 Homerum

183 889 411 945 semper
453 889 527 926 ex
572 869 969 944 Optimatium
1016 870 1280 945 partibus
1310 870 1576 938 stetisse;
1635 870 1925 946 siquidem

183 965 515 1040 Optimates
566 972 732 1023 erant
783 967 1049 1032 vocandi,
1099 966 1199 1041 qui
1251 967 1408 1040 apud
1455 967 1596 1024 istas
1656 967 1925 1024 civitates

181 1063 482 1138 pristinam
514 1062 839 1138 imperandi
875 1081 1142 1119 normam
1173 1062 1474 1119 tenebant.
1562 1062 1709 1131 Quae
1750 1082 1925 1120 causa

181 1179 315 1216 cum
368 1159 544 1216 latius
590 1167 807 1234 pateat,
859 1159 1225 1217 commodius
1283 1178 1414 1215 eam
1468 1158 1804 1216 differemus
1861 1159 1923 1215 in

180 1254 337 1312 aliud
368 1263 617 1330 tempus,

264 1361 296 1383 “
317 1349 403 1408 At
440 1353 595 1408 enim
627 1352 728 1426 qui
755 1351 881 1407 fieri
920 1351 1132 1426 potuit,
1163 1357 1231 1406 ut
1270 1356 1625 1406 mersaretur
1657 1350 1717 1406 in
1751 1351 1922 1408 undis

179 1447 292 1504 illis
323 1448 607 1515 civilibuS,
638 1448 737 1522 qui
767 1466 842 1504 ne
872 1445 1048 1503 fando
1079 1445 1316 1520 quidem
1346 1446 1575 1502 noverit
1616 1446 1724 1517 (sic
1765 1447 1923 1502 enim

179 1543 408 1615 volunt)
440 1544 780 1618 popularem
809 1542 1148 1618 reipublicae
1179 1548 1401 1599 statum
1419 1542 1476 1601 ?”
1534 1542 1660 1599 Ista
1683 1542 1922 1617 quidem

179 1648 302 1696 erat
350 1641 642 1697 sententia
691 1639 902 1697 nobilis
952 1639 1109 1696 inter
1157 1646 1448 1696 nostrates
1497 1639 1760 1714 scriptor,
1805 1658 1922 1714 quo

178 1755 351 1792 nemo
389 1755 646 1810 unquam
690 1755 781 1792 res
826 1735 1163 1792 Graecorum
1203 1741 1307 1792 aut
1354 1735 1502 1792 vidit
1546 1735 1776 1792 acutius
1819 1742 1923 1792 aut

178 1831 388 1890 clarius
446 1829 792 1889 enarravitb.
901 1840 933 1863 ‘⁶
958 1831 1196 1898 Nulla,”
1254 1831 1464 1907 inquit,
1521 1833 1731 1907 “apud
1792 1831 1920 1890 Ho-

176 1948 403 1985 merum
456 1930 580 1986 sine
627 1948 765 2004 rege
813 1929 1153 1985 nominatur
1198 1929 1456 1986 civitaS.”
1543 1928 1776 1986 Etiam:
1819 1929 1922 1987 sed

177 2044 294 2081 non
324 2025 457 2081 ideo
487 2005 878 2090 concedimus,
914 2024 1246 2083 Homericis
1270 2025 1635 2100 temporibus
1658 2027 1921 2083 nondum

176 2122 353 2178 fuisse
391 2122 581 2196 posita
615 2121 920 2179 discordiae
958 2140 1027 2178 ac
1072 2122 1430 2179 seditionum
1466 2121 1651 2179 initia.
1761 2122 1921 2191 Quin

175 2217 382 2274 eodem
423 2218 525 2274 illo
555 2237 730 2293 quem
771 2217 948 2274 modo
987 2217 1356 2276 laudavimus
1395 2224 1685 2286 auctorefl,
1733 2227 1766 2250 ‘⁶
1791 2221 1920 2276 uni-

175 2331 339 2370 versa
383 2314 568 2370 ferme
611 2313 837 2371 Graecia
882 2315 1130 2371 cessavit
1173 2315 1373 2372 statim
1417 2321 1552 2392 post
1597 2314 1921 2374 Homerica

173 2410 502 2485 principum
549 2410 888 2467 dominatio,
994 2410 1094 2468 Ne
1151 2411 1391 2468 nomine
1449 2412 1688 2485 quidem
1747 2418 1921 2470 tenus

173 2513 513 2563 manserunt
534 2526 700 2582 reges
722 2526 733 2564 :
759 2508 857 2582 qui
879 2507 1093 2584 singuli
1113 2507 1344 2583 populis
1365 2515 1668 2582 praeerant,
1687 2509 1920 2584 tyranni

173 2602 508 2659 audiebant.
604 2602 764 2659 Mira
820 2622 959 2660 sane
1018 2623 1212 2660 rerum
1271 2602 1592 2670 conversio,
1644 2603 1703 2659 ni
1763 2605 1919 2679 apud

175 2697 507 2754 Homerum
552 2717 785 2772 quoque
824 2706 1120 2773 appareat,
1157 2700 1284 2773 jam
1326 2704 1457 2754 tum
1503 2716 1641 2754 cum
1681 2699 1919 2774 regibus

171 2794 503 2860 utebantur,
536 2794 786 2869 viguisse
815 2794 937 2850 illic
968 2795 1225 2851 civitatis
1254 2794 1476 2864 liberae,
1507 2795 1554 2852 si
1583 2814 1702 2852 non
1731 2795 1914 2871 legeS,

169 2907 361 2945 mores
389 2889 627 2963 quidem
657 2893 870 2946 certe.”

254 2982 400 3040 Haec
447 2983 584 3040 ille:
633 3004 707 3041 ex
756 2986 968 3059 quibus
1013 2985 1266 3042 efficitur
1310 3004 1430 3042 non
1470 2986 1618 3043 adeo
1663 2985 1917 3043 alienam

169 3080 244 3136 ab
303 3078 637 3136 Homericis
695 3081 1058 3156 temporibus
1119 3081 1245 3138 fore
1317 3082 1776 3157 disputationem
1843 3083 1917 3138 de

169 3175 392 3249 optimo
434 3193 649 3251 genere
691 3176 1043 3251 reipublicae.
1129 3177 1170 3233 J
1172 3196 1268 3233 am
1297 3177 1435 3233 inde
1464 3176 1710 3253 flagrare
1746 3185 1917 3252 petu-

167 3269 414 3325 lantium
470 3269 776 3327 hominum
833 3271 1049 3340 libid03
1107 3273 1234 3347 jam
1296 3272 1435 3328 inde
1491 3273 1707 3347 perditi
1772 3293 1909 3330 cum

168 3363 372 3430 beatiS,
403 3364 728 3421 turbulenti
772 3385 907 3422 cum
948 3367 1162 3440 quietis
1202 3373 1443 3423 certare.
1528 3365 1624 3423 Ac
1664 3367 1910 3425 fortasse

226 3571 244 3596 ⁵
275 3572 475 3624 Mitford,
499 3574 615 3616 Hist.
644 3574 782 3618 Graec.
806 3589 844 3617 c.
867 3575 911 3618 ii.
936 3576 977 3629 ᾧ.
1002 3588 1042 3617 2.
1549 3582 1569 3604 c
1602 3591 1638 3619 e.
1661 3576 1720 3620 iv.
1745 3579 1784 3633 §.
1815 3592 1849 3620 1.
