2320 4126
190 301 343 334 PRAEL.
364 300 474 333 vm.
516 281 779 342 Achillem,
806 279 999 332 collatis
1023 279 1162 344 aliis,
1182 280 1572 349 splendidiorem
1584 284 1726 350 fleri.
1834 285 1940 336 123

188 438 306 474 non
348 416 645 492 intelligit.
755 424 786 447 “
812 415 949 472 Una
991 422 1159 490 rapta
1202 422 1291 473 est
1336 416 1575 483 famula,
1611 418 1940 476 redduntur

189 522 447 588 septem:
492 512 632 585 quid
665 518 773 577 est,
805 511 960 585 quod
995 511 1228 568 dubites
1259 531 1553 586 quaerasve
1583 514 1835 589 amplius
1853 515 1910 572 ?”

291 608 518 667 Verum
577 608 651 664 de
702 606 887 681 Ajace
944 607 1226 682 palmaria
1283 615 1436 675 sunt,
1498 629 1634 684 quae
1692 630 1727 667 a
1782 611 1936 669 Jove

186 723 358 779 super
387 711 619 759 mortuo
654 703 925 759 Patroclo
957 709 1229 777 precatur
1248 712 1288 738 ¹¹¹
1316 724 1328 761 :

419 826 497 866 Ζεῦ
517 821 665 879 πάτερ,
688 822 803 865 ἀλλὰ
825 821 882 866 σὺ
902 821 1034 879 ῥῦσαι
1055 820 1124 864 ὑπ’
1146 819 1269 878 ἠέρος
1289 819 1381 867 υἷας
1400 821 1600 881 Ἀχαιῶν,

418 895 601 950 ποίησον
623 893 658 937 δ’
680 893 843 951 αἴθρην,
867 894 940 938 δὸς
960 892 996 936 δ’
1019 892 1314 950 ὀφθαλμοῖσιν
1335 893 1518 938 ἰδέσθαι·

419 967 462 1010 ἐν
484 967 529 1010 δέ
551 965 653 1024 φάει
674 966 742 1009 καὶ
764 964 970 1017 ὄλεσσον,
993 965 1086 1008 ἐπεί
1106 963 1154 1009 νύ
1174 983 1240 1009 τοι
1262 966 1409 1009 εὔαδεν
1430 965 1576 1013 οὕτως.

188 1085 332 1141 Haec
383 1085 561 1140 toties
614 1085 926 1139 decantata
974 1090 1242 1157 repetere
1292 1084 1468 1150 volui,
1523 1087 1817 1159 quoniam,
1863 1095 1932 1145 ut

183 1189 344 1256 puto,
375 1179 475 1236 ille
506 1180 669 1236 locus
698 1180 872 1235 unice
903 1178 1162 1235 declarat
1192 1177 1395 1254 Ajacis
1430 1181 1751 1257 ingenium,
1782 1185 1931 1240 meri

183 1297 320 1335 sane
365 1277 603 1351 verique
654 1274 894 1340 militis3
953 1293 1070 1329 non
1116 1281 1240 1330 tam
1288 1275 1362 1331 de
1407 1275 1653 1333 victoria
1696 1276 1930 1347 soliciti,

182 1392 355 1448 quam
394 1373 466 1428 de
506 1391 568 1428 re
612 1377 849 1427 strenue
889 1369 1133 1445 agenda.
1223 1368 1311 1426 Ut
1342 1390 1460 1427 uno
1497 1373 1670 1429 verbo
1702 1373 1928 1431 dicam:

181 1468 367 1544 qualis
423 1469 482 1524 in
542 1467 651 1523 hac
717 1465 1019 1541 republica
1086 1465 1236 1522 solet
1301 1466 1503 1523 haberi
1562 1467 1928 1542 plebeiorum

181 1565 488 1621 hominum
529 1563 772 1630 indoleS,
804 1562 986 1620 talem
1019 1563 1222 1630 ferme,
1254 1581 1352 1619 me
1371 1564 1592 1638 judice,
1615 1565 1790 1623 finxit
1819 1567 1928 1624 sibi

182 1662 479 1719 Homerus
503 1661 768 1735 Ajacem.

263 1757 438 1825 Quod
490 1757 536 1813 si
584 1757 713 1831 quis
761 1755 904 1812 velit
951 1755 1103 1812 hanc
1151 1757 1315 1830 quasi
1367 1755 1550 1813 telam
1601 1764 1927 1832 pertexere,

177 1862 385 1930 praesto
430 1860 603 1910 erunt
643 1852 729 1908 illi
760 1852 1153 1928 quamplureS,
1187 1852 1448 1928 UlysseS‚
1481 1853 1720 1923 Nestor,
1749 1853 1930 1912 Anti-

177 1951 398 2018 lochus,
432 1950 751 2026 Sarpedon,
782 1950 914 2017 alii;
962 1968 1212 2024 quorum
1243 1950 1488 2007 cuilibet
1523 1952 1584 2007 in
1625 1953 1927 2009 communi

175 2047 404 2104 bellicae
429 2047 662 2103 virtutis
693 2045 1003 2121 splendore
1034 2053 1095 2102 et
1116 2045 1304 2122 gloria
1333 2065 1472 2103 suus
1496 2048 1735 2122 quidam
1765 2048 1927 2106 color

174 2146 489 2201 indu-citur.
577 2143 694 2200 Sed
733 2144 1089 2218 jampridem
1144 2162 1350 2200 vereor
1400 2145 1694 2218 equidem,
1737 2165 1813 2203 ne
1863 2148 1925 2203 in

173 2261 235 2298 re
274 2261 479 2318 parum
533 2241 779 2298 obscura
822 2241 1038 2297 nimius
1089 2247 1151 2297 et
1200 2241 1487 2297 molestus
1530 2242 1686 2298 fiam.
1775 2241 1926 2299 Ani-

173 2339 601 2395 madverteram
638 2343 857 2403 autem,
892 2335 1214 2393 Homerica
1253 2337 1588 2414 legentibus
1623 2338 1684 2394 id
1714 2340 1924 2414 saepius

173 2454 281 2492 usu
312 2436 530 2501 venire,
561 2442 630 2490 ut
658 2434 889 2509 impetu
919 2434 1083 2508 quasi
1114 2435 1463 2490 narrationis
1499 2442 1561 2490 et
1599 2434 1922 2493 affectuum

173 2533 407 2589 turbine
447 2532 719 2606 abreptos
760 2530 944 2587 lateat
974 2530 1317 2587 admirabile
1349 2530 1551 2588 Poetae
1591 2531 1921 2601 consilium,

171 2629 465 2686 uberrima
504 2629 774 2696 varietaS,
815 2626 1123 2702 singularis
1163 2628 1325 2683 ordo.
1415 2627 1614 2695 Quare
1654 2647 1774 2684 non
1818 2629 1922 2686 abs

169 2745 231 2782 re
267 2725 390 2782 fore
434 2723 820 2799 putabam‚·si
860 2724 1168 2798 juniorum
1208 2725 1469 2781 maxime
1508 2725 1699 2800 gratia
1733 2724 1921 2783 fusius

169 2821 367 2898 paullo
405 2820 518 2877 hoc
557 2827 823 2894 tempore
860 2819 1152 2885 docerem,
1185 2818 1452 2877 Homero
1493 2828 1561 2877 ut
1598 2821 1920 2896 plurimum

170 2937 287 2994 prae
317 2916 500 2973 oculis
529 2917 742 2973 servari
776 2915 1102 2973 Heroicum
1131 2916 1278 2974 illud
1302 2916 1555 2974 Achillis
1584 2919 1741 2985 ἧθοςε
1786 2925 1918 2975 tum

169 3018 230 3072 in
288 3015 693 3089 componenda
750 3032 947 3069 rerum
1002 3014 1391 3090 gerendarum
1451 3016 1620 3083 serie,
1668 3022 1798 3072 tum
1857 3017 1917 3072 in

171 3111 503 3168 ordinandis
533 3110 922 3167 secundarum
951 3111 1210 3184 partium
1239 3111 1518 3185 personis,

251 3206 290 3263 J
294 3226 389 3263 am
438 3207 511 3262 ad
562 3205 787 3281 reliqua
842 3206 1207 3282 pergendum
1267 3207 1416 3263 erit:
1484 3206 1671 3262 sicubi
1728 3213 1832 3262 aut
1883 3225 1916 3263 e

167 3322 362 3359 rerum
406 3309 467 3359 et
508 3302 834 3377 imaginum
879 3301 1131 3368 delectU,
1177 3308 1282 3357 aut
1328 3321 1405 3358 ex
1444 3302 1571 3377 ipso
1614 3300 1809 3358 colore
1853 3308 1915 3357 et

167 3417 381 3473 genere
416 3397 668 3464 dicendi,
705 3397 1044 3471 conjectura
1083 3397 1348 3470 quaedam
1395 3396 1469 3453 de
1514 3396 1821 3454 voluntate
1851 3404 1914 3454 et

166 3494 362 3550 indole
392 3494 701 3568 Scriptoris
731 3494 859 3568 capi
890 3492 1128 3567 poterit.

849 3620 885 3643 m
919 3613 971 3656 11.
993 3613 1096 3657 xvii.
1120 3612 1221 3667 645.
