2320 4126
675 1503 1363 1576 PRAELECTIO
1436 1503 1901 1574 DECIMA.
2046 1454 2052 1456 ’

377 1923 450 1968 De
485 1924 738 1970 Homericis
757 1925 1050 1984 judicaturus
1084 1926 1210 1971 debet
1243 1927 1394 1986 primo
1436 1942 1509 1972 res
1546 1927 1812 1979 orientales,
1846 1924 2002 1969 deinde
2041 1938 2183 1969 mores

438 2000 693 2056 ayrestiam,
716 2000 952 2059 diliyenter
972 2002 1228 2060 inspeoeisse.
1272 2001 1500 2045 Probatur
1521 2007 1610 2045 tum
1626 2001 1865 2058 imayimcm
1886 1999 2069 2052 delecta,
2093 2004 2183 2042 tum

434 2086 594 2130 ρεπεν-ε
635 2073 826 2128 dicendi,
864 2075 1028 2119 Iliadis
1064 2076 1327 2134 scriptorem
1359 2076 1498 2133 eyisse
1533 2077 1670 2120 vitam
1701 2075 1781 2119 sab
1813 2074 1905 2128 dio,
1935 2080 1978 2118 et
2009 2087 2184 2132 eyenam

440 2147 628 2205 quidem.
689 2148 811 2199 Quid
827 2150 904 2204 sit,
928 2149 1048 2209 qaod
1057 2150 1215 2208 pueris
1239 2149 1347 2194 adeo
1360 2151 1546 2208 placeat
1566 2150 1799 2195 Homerus.

540 2335 928 2407 UONIAMv
947 2337 1011 2395 id
1045 2337 1162 2396 hoc
1195 2347 1471 2415 tempore
1513 2338 1906 2415 suscepimUS,
1938 2345 2010 2397 ut
2045 2357 2179 2397 eam

583 2437 1066 2514 expenderemus
1112 2435 1427 2495 Homerici
1478 2437 1891 2495 instrumenti·
1927 2443 2184 2514 partem,

381 2556 519 2614 quae
550 2542 687 2594 tum
731 2535 809 2594 ad
853 2535 1147 2614 imagines
1192 2537 1444 2594 ornandi
1488 2536 1684 2613 gratia-
1725 2539 2016 2613 s'umptaS,
2048 2543 2183 2594 tum

381 2635 457 2692 ad
487 2653 680 2712 genus
711 2634 953 2693 dicendi
988 2635 1289 2711 pertinet:
1336 2654 1459 2692 non
1495 2635 1603 2693 abs
1637 2654 1702 2692 re
1733 2635 1862 2692 fore
1895 2634 2183 2711 judicavi,

381 2730 756 2803 Academici,
789 2735 838 2792 si
881 2734 1092 2811 paucis
1138 2734 1318 2792 hodie
1355 2735 1624 2803 doceam,
1656 2734 1874 2811 quibus
1916 2734 2184 2792 maxime

382 2831 662 2891 subsidiis
685 2853 829 2892 usus
857 2834 1086 2910 poterit
1116 2833 1251 2910 quis
1275 2832 1534 2892 Homeri
1564 2852 1882 2913 personam
1911 2833 2181 2901 induere,

382 2947 567 3005 seque
597 2930 777 3007 plane
807 2951 950 2988 eum
981 2950 1113 2990 esse
1142 2932 1391 3011 fingere.

470 3027 736 3097 Etenim,
794 3029 981 3106 (quod
1012 3037 1172 3088 >ante
1216 3050 1339 3088 non
1388 3029 1578 3088 semel
1625 3022 1900 3106 audistis)
1949 3026 2184 3086 facilius

379 3145 447 3184 se
498 3128 755 3203 posteris
802 3129 1234 3185 commendant
1286 3129 1390 3203 qui
1448 3147 1602 3196 rura,
1657 3128 1869 3195 otium,
1921 3126 2183 3194 umbraS,

382 3244 616 3284 amores
668 3225 1011 3284 celebrant:
1076 3226 1182 3284 sed
1228 3232 1467 3284 mutata
1517 3227 1762 3303 penitus
1807 3226 2049 3283 vivendi
2093 3245 2186 3283 ra-

384 3323 566 3393 tione,
605 3343 816 3382 vereor
857 3344 936 3383 ne
981 3325 1201 3402 frigere
1245 3324 1496 3402 incipiat
1541 3331 1861 3383 actuosum
1904 3324 2075 3393 illud,
2112 3343 2183 3382 ac

381 3422 670 3491 vividum,
695 3442 766 3481 ac
797 3424 1032 3481 curiose
1061 3430 1367 3482 moratum
1404 3443 1615 3501 genus.
1677 3422 1894 3499 quue
1924 3422 2186 3480 divinior

382 3518 692 3587 Homerus
735 3529 975 3581 noster:
1024 3522 1127 3600 qui
1173 3541 1311 3580 cum
1358 3528 1527 3580 totus
1571 3521 1635 3578 in
1680 3539 1752 3579 eo
1796 3540 2022 3600 genere
2052 3539 2185 3578 ver-

379 3623 564 3688 setur,
613 3619 764 3677 nulli
809 3627 1017 3679 tamen
1062 3619 1286 3679 saeculo
1331 3640 1454 3678 non
1498 3618 1839 3678 carissimus
1886 3618 2177 3676 extiterit.
