2320 4126
189 287 342 320 PRAEL.
365 286 454 319 vn.
552 274 608 318 ut
630 267 735 318 suis
758 282 952 334 semper
975 265 1224 316 meliorem
1247 265 1327 317 det
1351 285 1573 319 causam.
1867 271 1937 325 93

189 413 464 470 Hectoris
495 433 630 470 cum
660 433 844 470 uxore
874 432 978 469 sua
1007 412 1284 490 ὁαρίστυν,
1307 432 1505 469 nonne
1529 414 1731 470 dedita
1761 433 1939 488 opera

188 508 484 563 antecedit
514 507 707 563 fratris
736 507 893 562 illius
925 505 1253 584 δυσπάριδος
1283 508 1656 584 objurgatio?

478 628 577 670 λαοὶ
597 629 674 684 μὲν
694 627 956 685 φθινύθουσι
975 630 1074 686 περὶ
1094 631 1250 672 πτόλιν
1271 628 1371 673 alm-{1
1393 648 1438 672 τε
1460 632 1618 686 τεῖχος,

477 699 747 755 μαρναμένοι·
782 699 860 742 σέο
882 699 917 742 δ’
941 698 1059 743 εἵνεκ’
1082 699 1187 755 ἆῦτὴ
1210 719 1252 743 τε
1276 702 1492 756 πτόλεμός
1512 719 1559 743 τε

480 769 591 813 ἄστυ
613 769 701 812 τόδ’
724 769 963 827 ἇμφιδέδῃε
977 776 992 794 ¹¹
1026 803 1359 814 ........

192 872 410 928 Nonne
463 873 589 946 jam
642 872 1026 928 moribundus
1086 871 1332 940 Hector,
1386 874 1675 947 expressis
1727 873 1936 938 verbiS‚

189 968 480 1022 temerarii
511 967 652 1022 belli
689 985 756 1022 ac
788 966 988 1022 violati
1010 968 1159 1041 juris
1199 967 1433 1042 culpam
1475 969 1534 1023 in
1580 987 1641 1024 se
1686 987 1938 1042 suosque

189 1064 430 1138 suscipit
461 1063 780 1137 Trojanos?

420 1198 458 1240 εἷ
479 1197 528 1240 δέ
547 1215 617 1241 κεν
636 1197 799 1241 ἀσπίδα
819 1198 897 1253 μὲν
917 1198 1187 1254 καταθείομαι
1208 1198 1543 1255 ὀμφαλόεσσαν,

419 1269 487 1311 καὶ
508 1269 667 1325 κόρυθα
685 1268 882 1326 βριαρὴν,
906 1269 1010 1326 δόρυ
1032 1269 1078 1312 δέ
1098 1271 1207 1325 πρὸς
1227 1272 1370 1327 τεῖχος
1392 1270 1576 1327 ἐρείσας,

419 1341 546 1386 αὐτὸς
564 1339 639 1384 ἵων
658 1340 862 1398 Ἀχιλῆος
882 1340 1096 1397 ἀμύμονος
1116 1341 1257 1386 ἀντίος
1277 1340 1409 1400 ἕλθῳ,

421 1413 488 1455 καὶ
509 1414 549 1455 οἱ
569 1413 828 1468 ὑπόσχωμαι
847 1411 1024 1467 Ἑλένην
1045 1413 1114 1455 καὶ
1133 1411 1308 1468 κτήμαθ’
1331 1411 1399 1468 ἅμ’
1424 1413 1529 1468 αὐτῇ

419 1486 559 1528 πάντα
577 1483 693 1540 μάλ’,
716 1483 835 1528 ὅσσα
856 1483 891 1527 τ’
912 1483 1200 1540 Ἀλέξανδρος
1222 1484 1367 1538 κοίλῃς
1389 1485 1449 1526 ἐνὶ
1471 1485 1621 1539 νηυσὶν

420 1553 603 1613 ἠγάγετο
624 1554 831 1612 Τροίηνδ’,
853 1555 881 1611 ἥ
896 1554 930 1598 τ’
954 1556 1111 1598 ἔπλετο
1133 1555 1290 1600 νείκεος
1310 1555 1437 1612 ἀρχὴ,

423 1627 615 1684 δὼσεμεν
634 1626 906 1685 Ἀτρείδῃσιν
926 1626 1045 1685 ἄγειν
1057 1626 1089 1651 b·
1127 1660 1321 1670 .....

190 1744 277 1802 Ut
317 1745 452 1818 jure
504 1745 758 1819 quodam
805 1743 1012 1818 plecti¹
1039 1745 1322 1810 videatur,
1376 1745 1476 1817 qui
1528 1762 1589 1799 se
1642 1744 1938 1800 addixerit

187 1841 420 1896 nefariae
451 1859 655 1907 causae,
686 1840 909 1914 pietate
939 1840 1080 1896 licet
1110 1840 1453 1913 meritisque
1482 1839 1875 1914 gravissimus.

274 1934 419 1991 Haec
464 1954 650 2009 pauca
698 1935 771 1990 de
812 1935 1017 1991 multis
1062 1934 1301 2009 protuli,
1342 1935 1555 2008 quibus
1603 1934 1939 1989 Homerum

187 2031 245 2087 id
292 2032 479 2107 egisse
522 2031 790 2096 dixerim,
823 2037 889 2086 ut
925 2030 1076 2086 bene
1115 2030 1338 2085 vellent
1373 2030 1643 2086 homines
1674 2029 1938 2095 Achivis,

188 2134 316 2182 tum
348 2146 482 2183 cum
514 2127 772 2183 maxime
798 2126 1047 2183 Hectori
1080 2127 1362 2182 faverent.
1437 2125 1667 2193 Quibus
1699 2126 1938 2182 omnino

190 2230 648 2279 consentaneum
696 2223 945 2290 videtur,
982 2242 1136 2287 eum,
1175 2222 1236 2279 in
1277 2240 1507 2277 summa
1543 2240 1777 2296 quoque
1818 2241 1941 2277 car-

191 2320 361 2375 minis
443 2319 762 2385 condenda,
839 2318 1025 2374 totius
1106 2318 1419 2374 Graiorum
1498 2318 1708 2392 gentis,
1774 2317 1940 2373 velut

189 2415 390 2488 patriae
447 2433 584 2482 suae,
627 2413 900 2470 habuisse
952 2414 1278 2470 rationem:
1342 2419 1403 2468 et
1449 2413 1522 2468 de
1574 2414 1940 2487 temporibus

191 2510 384 2566 Iliacis
443 2529 513 2565 ea
569 2510 678 2565 sibi
729 2510 1103 2583 potissimum
1154 2509 1381 2584 legisse,
1428 2528 1555 2582 quae
1604 2528 1820 2584 magna
1863 2529 1939 2566 ex

189 2613 355 2680 parte
412 2612 544 2661 acta
611 2612 748 2660 sunt
814 2605 1060 2660 absente
1120 2603 1395 2671 Achille3
1468 2623 1721 2678 praesens
1780 2607 1939 2661 enim

189 2701 306 2766 ille,
356 2701 693 2775 praestantia
740 2718 846 2757 sua
889 2707 1240 2756 caeterorum
1285 2700 1569 2756 virtutem
1616 2701 1790 2775 plane
1838 2702 1941 2758 ob-

191 2802 542 2852 scuraverat.

293 2984 412 3041 Sed
464 2987 892 3060 properandum
933 2988 1060 3061 jam
1112 2989 1280 3044 nobis
1330 2989 1404 3044 ad
1454 2989 1636 3062 ipsius
1686 2986 1942 3046 Achillis

191 3079 353 3145 ἧθοςε
415 3082 570 3154 quod
622 3089 683 3137 et
734 3101 838 3156 per
889 3101 950 3138 se
1003 3083 1492 3158 significationem
1539 3084 1722 3139 habet
1766 3083 1941 3158 longe

193 3174 570 3231 clarissimam
603 3175 936 3233 Homericae
975 3178 1203 3244 indolis,
1245 3187 1306 3234 et
1351 3198 1487 3235 cum
1524 3178 1724 3234 fabula
1758 3179 1941 3234 totius

176 3269 393 3327 *Iliadis
435 3271 520 3327 ita
558 3274 834 3329 convenit
878 3282 939 3329 et
984 3276 1148 3348 quasi
1196 3276 1629 3339 commiscetur,
1673 3280 1742 3328 ut
1789 3273 1941 3329 hanc

195 3367 504 3439 separatim
545 3368 619 3423 ab
658 3368 760 3424 illo
797 3376 1049 3426 tractare
1088 3389 1207 3424 non
1245 3369 1414 3425 valde
1445 3370 1519 3425 sit
1550 3370 1611 3423 in
1640 3376 1937 3443 promth.

197 3459 391 3535 Igitur
455 3460 635 3536 (quod
699 3483 843 3538 pace
912 3464 1333 3539 elegantissimi
1392 3465 1597 3520 Critici
1666 3464 1939 3531 dixerim)

429 3589 451 3612 ³
484 3582 536 3625 11.
558 3583 615 3626 vi.
639 3596 740 3640 327.
1423 3582 1441 3607 b
1473 3584 1579 3626 xxii.
1608 3597 1705 3626 111.
