2320 4126
357 242 469 296 154
737 245 1022 299 Homerum
1047 255 1155 300 tum
1180 249 1370 319 spatia,
1400 257 1508 302 twm
1535 257 1780 321 tempora,
1922 271 2086 306 PRAEL.
2109 273 2161 308 Χ.

357 389 807 464 comparatione
838 390 1160 468 multiplici
1193 399 1257 450 et
1287 401 1484 452 acuta.
1575 394 1738 464 Quin
1783 394 1875 453 sui
1918 395 2162 466 oblitus,

358 494 555 544 totum
605 508 668 545 se
713 490 916 557 tradit,
957 497 1027 547 ut
1071 491 1159 548 ita
1204 491 1418 560 dicam,
1450 491 1683 551 Achilli
1729 512 1872 552 suo:
1918 514 1997 552 ne
2040 515 2162 553 non

359 585 716 662 simpliciter
762 595 825 645 et
886 588 1205 647 evidenter
1264 598 1521 659 enarret,
1584 610 1766 667 quam
1827 592 1999 650 nullo
2059 593 2162 653 ille

356 685 603 763 negotio
635 686 841 744 hostes
872 687 947 744 ad
972 706 1161 744 unum
1189 707 1399 747 omnes
1431 689 1718 748 obruerit.
1779 690 1998 768 Itaque
2022 712 2162 760 non,

356 791 428 841 ut
463 784 746 842 Lowthio
780 784 1115 853 videbatur,
1154 785 1556 844 conferendus
1593 793 1723 844 erat
1764 806 1906 845 cum
1936 788 2163 848 tribulo

356 883 484 958 ipse
524 880 835 940 Achilles:
882 883 1070 940 immo
1115 884 1244 960 ipse
1284 884 1547 943 invictus
1585 884 1881 943 tribulum
1926 887 2163 964 agebat,

357 982 525 1057 quasi
579 981 839 1040 neminis
890 1002 1133 1059 prorsus
1184 983 1249 1040 in
1300 1003 1487 1042 manu
1539 984 1716 1043 foret.
1823 985 1955 1044 Nisi
2007 987 2177 1046 forte

355 1080 621 1157 petimus
662 1099 698 1137 a
742 1080 1035 1157 scriptore
1068 1079 1355 1150 EthnicO,
1387 1088 1458 1139 ut
1502 1090 1703 1141 servet
1743 1083 1970 1160 ubique
2011 1104 2166 1142 verae

356 1177 663 1256 religionis
715 1198 1008 1247 normam,
1069 1179 1279 1237 habita
1335 1179 1591 1250 ratione,
1642 1180 1739 1239 vel
1798 1181 1863 1239 in
1910 1181 2019 1239 tali
2079 1202 2167 1253 re,

358 1275 477 1335 Dei
507 1278 902 1356 gubernantis
935 1279 1156 1337 omnia.

446 1377 695 1436 Lubens
725 1384 932 1436 tamen
975 1379 1287 1448 confiteor,
1317 1378 1584 1436 immane
1615 1387 1912 1455 quantum
1944 1376 2167 1438 distare

357 1477 434 1535 ab
495 1475 898 1535 Hebraeorum
963 1478 1284 1554 majestate
1343 1486 1474 1536 tam
1534 1497 1622 1546 ea,
1682 1498 1866 1555 quam
1926 1479 1975 1537 si
2035 1499 2167 1555 quae

357 1596 613 1654 usquam
661 1577 849 1635 habet
897 1576 1130 1635 Noster
1174 1578 1251 1636 de
1295 1577 1475 1636 rebus
1519 1578 1861 1657 agrestibus
1905 1586 2167 1655 sumpta.

360 1676 481 1746 Qui
526 1677 656 1734 fieri
701 1677 903 1754 potuit
949 1676 1167 1735 aliter?
1213 1697 1352 1735 cum
1398 1677 1652 1735 istarum
1697 1678 2033 1756 imaginum
2077 1679 2167 1736 vis

358 1775 484 1834 fere
530 1777 725 1834 omnis
771 1776 847 1834 ab
894 1796 966 1834 eo
1011 1777 1295 1854 pendeat,
1337 1783 1410 1834 ut
1453 1777 1736 1834 maximae
1775 1797 2028 1854 quaeque
2072 1796 2168 1836 res

358 1883 788 1953 comparentur
817 1896 958 1934 cum
989 1876 1258 1935 minimis
1288 1883 1353 1934 et
1384 1876 1814 1934 usitatissimis

446 1975 681 2035 Verum
728 1976 803 2033 ad
850 1975 1134 2053 exempla
1180 1975 1526 2034 Homericae
1571 1975 1927 2035 rusticitatis
1983 1975 2167 2051 (absit

358 2075 541 2133 verbo
589 2075 839 2150 invidia)
877 2075 1227 2133 redeamus
1320 2073 1589 2134 Omnino
1643 2074 1891 2133 solenne
1937 2082 2030 2133 est
2077 2074 2167 2132 illi

356 2174 824 2252 magnitudines,
855 2174 1140 2252 pondera,
1174 2182 1519 2251 temporum
1557 2174 1895 2244 intervalla,
1927 2194 2035 2252 per
2066 2193 2169 2232 eas

356 2274 741 2350 potissimum
788 2281 961 2332 notas
1008 2274 1292 2343 dimetiri,
1339 2274 1559 2351 quibus
1598 2273 1696 2332 vel
1741 2273 1924 2332 hodie
1970 2271 2164 2332 delec-

357 2378 565 2430 tantur
596 2372 890 2451 agricolae.
982 2372 1175 2432 Verbi
1208 2373 1467 2451 gratias:

599 2495 726 2540 Ἀλλ’
751 2495 824 2540 ὅτε
847 2495 899 2553 δὴ
921 2494 959 2554 ῥ’
983 2494 1134 2553 ἀπέην,
1159 2494 1304 2541 ὅσσον
1325 2494 1362 2541 τ’
1381 2495 1566 2556 ἐπίουρα
1585 2495 1801 2541 πέλονται

598 2569 911 2627 ἡμιόνων-αἶ
932 2570 1018 2629 γάρ
1041 2589 1090 2615 τε
1110 2571 1230 2620 βοῶν
1250 2568 1614 2628 προφερέστεραι
1635 2565 1751 2614 εἶσιν

602 2643 829 2702 ἑλκέμεναι
852 2646 984 2689 νειοῖο
1004 2644 1187 2701 βαθείης
1206 2646 1373 2702 πῆκτον
1393 2643 1597 2703 ἄροτρον.

357 2746 566 2823 Atque
612 2748 773 2807 haud
820 2749 1206 2807 incommode
1252 2749 1505 2807 fortasse
1550 2767 1691 2807 cum
1737 2748 1830 2806 his
1874 2755 2165 2825 poterunt

357 2847 636 2916 conferri,
688 2867 827 2924 quae
889 2849 1151 2924 quodam
1206 2849 1268 2905 in
1321 2847 1456 2906 loco
1511 2846 1910 2905 Sacrosancta
1960 2853 2164 2904 narrat

358 2945 635 3004 Historia
683 2947 758 3005 de
810 2948 1084 3024 praesidio
1140 2948 1589 3007 Philistaeorum
1648 2968 1684 3006 a
1735 2948 1973 3006 duobus
2034 2946 2164 3005 He-

357 3044 528 3102 braeis
567 3044 802 3104 deleto:
851 3047 1021 3123 cujus
1056 3046 1162 3105 illa
1191 3048 1517 3105 stationem
1549 3046 1828 3104 similiter
1863 3045 2163 3103 limitibus

355 3144 434 3202 ab
476 3145 701 3203 arando
744 3146 943 3203 ductis
989 3145 1248 3203 definitt.
1357 3145 1508 3215 Quae
1556 3152 1766 3203 autem
1816 3144 2162 3203 Homericis

357 3244 778 3321 subjiciuntur,
821 3243 1104 3303 clausulae
1145 3245 1416 3302 ritu—ai
1456 3241 1574 3323 γὰρ
1614 3270 1696 3312 τε,
1737 3270 1785 3302 κ.
1810 3269 1868 3302 τ.
1892 3250 2161 3320 λ.-(1ιιο

358 3344 559 3402 minus
604 3364 733 3403 esse
765 3344 1087 3402 videantur
1127 3363 1161 3402 e
1201 3363 1267 3401 re
1310 3343 1569 3420 poetica,
1611 3350 1785 3401 tanto
1827 3362 1900 3400 ea
1942 3342 2161 3401 clarius

358 3446 629 3504 indicant
660 3465 872 3503 verum
905 3444 1207 3514 colonum,
1242 3463 1383 3501 vero
1414 3442 1620 3501 labore
1651 3449 1984 3501 assuetum.

421 3570 435 3588 ⁵
470 3562 524 3606 11.
548 3579 593 3606 x.
683 3577 721 3606 1.

418 3638 438 3668 ἵ
463 3652 482 3681 1
502 3574 732 3680 Samiffiv.
754 3650 823 3691 14.
868 3641 898 3660 “
915 3636 975 3680 Et
990 3635 1109 3680 facta
1122 3643 1190 3681 est
1203 3636 1337 3694 plaga
1350 3635 1510 3693 prima,
1526 3649 1617 3694 qua
1631 3633 1857 3693 percussit
1872 3633 1902 3678 J
1906 3631 2097 3678 onathas
2114 3637 2159 3675 et

358 3707 555 3766 armiger
585 3706 697 3764 ejuS‚
725 3707 855 3766 quasi
881 3707 1044 3766 viginti
1074 3708 1278 3752 virorum
1309 3706 1357 3751 in
1388 3705 1538 3751 media
1567 3712 1694 3764 parte
1719 3704 1884 3764 jugeri,
1907 3718 2046 3764 quam
2076 3717 2158 3761 par

360 3780 502 3825 boum
524 3780 573 3824 in
595 3779 665 3824 die
687 3795 811 3825 arare
833 3781 1118 3827 consuevit.''
1166 3776 1306 3839 Vulg.
