2320 4126
370 212 480 264 200
623 212 710 264 De
733 212 789 266 vi
815 214 1202 279 νεκυομαντείας
1225 213 1284 264 in
1309 213 1409 266 otio
1434 211 1841 266 commendando.
1881 230 2042 265 PRAEL.
2063 230 2158 264 xn.

373 357 546 417 Nihil
578 357 699 416 tale
733 357 945 416 Nostri
978 356 1378 425 νεκυομαντεία.
1470 356 1693 433 Neque
1734 358 1894 415 enim
1925 356 2023 415 hic
2054 376 2159 415 ex-

369 458 526 534 cipio
556 463 1011 534 praetervectam
1039 454 1205 513 illam
1237 454 1524 513 Herculis
1554 455 1827 523 formam,
1851 456 2156 516 venationi

365 575 603 633 semper
632 555 972 612 intentamu
995 574 1009 611 t

607 706 722 765 ἀμφὶ
744 705 795 750 δέ
811 724 885 764 μιν
905 704 1076 764 κλαγγὴ
1097 703 1256 750 νεκύων
1276 703 1328 762 ἦν
1348 706 1510 751 οἷωνῶν
1530 707 1602 759 ὣς,

607 778 790 824 πάντοσ’
813 778 1099 836 ἀτυζομένων·
1134 777 1219 823 ὅδ’
1243 778 1397 838 ἐρεμνῇ
1420 779 1540 825 νυκτὶ
1561 779 1724 832 ἐοικὼς,

607 854 772 913 γυμνὸν
791 855 924 911 τόξον
944 853 1073 911 ἔχων,
1097 853 1167 897 καὶ
1189 852 1261 898 ἐπὶ
1283 854 1495 913 νευρῇφιν
1515 853 1685 907 ὀῖστὸν,

606 927 747 971 δεινὸν
766 926 1033 979 παπταίνων,
1057 927 1140 971 αἷεὶ
1159 926 1368 981 βαλέοντι
1390 927 1553 974 ἐοικώς.

366 1069 787 1130 Exercebatur
808 1070 912 1129 ille
943 1073 1188 1148 quidem
1218 1073 1282 1130 in
1312 1073 1384 1132 iis
1407 1093 1539 1150 quae
1562 1074 1733 1132 vivus
1755 1074 2155 1139 adamaverat,

362 1171 466 1229 sed
514 1191 638 1229 non
688 1179 819 1230 erat
867 1191 1076 1231 revera
1123 1171 1459 1233 Hercules:
1526 1178 1768 1232 tantum
1814 1172 2029 1230 umbra
2078 1172 2155 1230 ad

361 1277 604 1348 tempus
635 1271 1073 1340 evocabaturx;

598 1427 795 1475 εἴδωλον·
829 1430 959 1476 αὐτὸς
981 1429 1030 1475 δὲ
1052 1429 1146 1488 μετ’
1169 1428 1427 1491 ἀθανάτοισι
1451 1428 1623 1474 θεοῖσιν

600 1503 803 1563 τέρπεται
826 1504 872 1550 ἐν
892 1503 1061 1561 θαλίῃς,
1084 1504 1154 1548 καὶ
1175 1504 1268 1563 ἔχει
1289 1503 1605 1562 καλλίσφυρον
1616 1500 1784 1559 Ἠβηω

359 1649 477 1709 His
507 1658 571 1709 et
600 1650 839 1719 talibus,
862 1659 933 1708 ut
964 1652 1193 1729 opinor,
1215 1651 1449 1709 moneri
1472 1668 1581 1708 nos
1600 1648 1795 1707 voluit
1826 1647 2150 1719 HomeruS,

357 1750 525 1825 sequi
573 1767 637 1807 se
685 1749 951 1807 carmine
995 1768 1103 1808 suo
1148 1748 1314 1827 vulgi
1359 1768 1483 1806 non
1530 1749 1847 1806 doctorum
1890 1748 2150 1825 placita3

355 1849 696 1923 praesertim
727 1867 868 1906 cum
898 1848 1000 1906 isti
1037 1845 1327 1922 ἐπεισοδίῳ
1358 1847 1594 1905 dederit
1633 1847 1926 1925 originem
1962 1867 2152 1924 popu-

357 1946 497 2005 laris
540 1946 646 2007 illa
690 1947 997 2008 divinandi
1042 1947 1213 2016 ratio,
1245 1966 1378 2023 quae
1421 1965 1530 2023 per
1573 1946 1926 2024 sanguinem
1966 1945 2151 2004 fiebat

354 2045 722 2105 inferiarum.
842 2045 1142 2115 Quocirca
1175 2065 1253 2104 ne
1288 2045 1352 2102 in
1392 2045 1701 2123 regionem
1740 2045 1985 2121 quidem
2025 2045 2151 2104 vita

354 2145 704 2203 functorum
736 2145 1084 2203 admittitur
1121 2143 1405 2222 Ulysses:
1451 2150 1693 2202 tantum
1730 2145 1806 2203 ad
1846 2150 2149 2202 extremas

358 2245 488 2321 ejus
525 2263 656 2302 oras
697 2243 948 2312 accedit,
980 2250 1045 2301 et
1079 2243 1269 2301 veluti
1314 2242 1531 2301 clausis
1561 2242 1789 2301 foribus
1832 2243 1896 2299 in
1940 2241 2149 2300 limine

354 2362 627 2421 gressum
684 2342 876 2419 ponit.
974 2342 1078 2402 Ne
1136 2341 1365 2400 multa:
1441 2343 1664 2400 sentiet
1721 2342 1990 2409 fortasse,
2044 2340 2148 2416 qui

354 2440 540 2511 volet,
587 2460 659 2499 ea
704 2441 887 2499 fuisse
936 2441 1239 2499 sententia
1289 2440 1661 2517 scriptorem,
1706 2446 1776 2498 ut
1824 2458 1903 2497 ex
1946 2439 2147 2497 animo

354 2539 557 2598 doleat
580 2559 650 2598 ac
670 2539 892 2597 defleat
911 2539 1205 2598 incertam
1227 2539 1379 2597 adeo
1402 2537 1698 2596 moriendi
1718 2537 2146 2603 conditionem,

352 2640 562 2717 ignota
607 2637 890 2696 Manium
934 2638 1083 2707 loca,
1114 2638 1460 2696 mercedem
1504 2637 1855 2695 obscuram:
1899 2654 2022 2692 non
2061 2634 2148 2691 ita

352 2744 578 2806 tamen,
627 2744 698 2794 ut
749 2736 980 2797 nullam
1023 2755 1262 2814 prorsus
1306 2754 1476 2813 spem
1516 2734 1738 2804 foveat,
1784 2734 1925 2791 fore.
1954 2727 2024 2789 ut
2069 2730 2146 2790 ad

351 2835 602 2894 meliora
649 2836 986 2894 evehantur
1030 2836 1324 2904 homineS,
1374 2853 1515 2892 cum
1568 2839 1632 2892 et
1681 2830 2038 2890 Menelaum
2083 2830 2147 2887 in

354 2933 559 3011 Elysio
590 2933 894 3002 locaverit,
927 2941 991 2992 et
1030 2935 1094 2992 in
1125 2933 1277 2992 coelo
1319 2952 1577 3010 superno
1609 2930 1962 2990 Herculem.
2054 2927 2147 2987 Ea

352 3032 402 3090 si
461 3032 558 3090 cui
607 3032 764 3091 forte
815 3032 1140 3108 probabilis
1193 3032 1308 3090 erit
1360 3033 1724 3108 conjectura,
1772 3028 2044 3106 profecto
2091 3027 2147 3086 *is

353 3130 530 3189 facile
582 3130 906 3208 intelliget,
955 3132 1186 3208 optime
1245 3131 1568 3188 convenire
1617 3147 1794 3205 posse
1855 3133 1918 3186 et
1977 3125 2145 3185 illam

352 3225 763 3297 νεκυομάντειαν
803 3248 942 3288 cum
975 3228 1280 3306 Odysseiae
1321 3229 1509 3285 totius
1552 3227 1820 3295 ratione;
1866 3225 2145 3302 mitigata

353 3327 584 3386 scilicet
652 3326 856 3405 gloriae
920 3328 1271 3405 cupiditate,
1330 3345 1471 3384 cum
1530 3345 1608 3384 ne
1673 3323 1811 3403 post
1882 3329 2142 3383 mortem

351 3426 595 3502 quidem
627 3433 793 3484 certa
821 3446 957 3504 spes
987 3426 1096 3485 otii
1128 3425 1519 3505 relinquatur.

613 3604 756 3679 uod.
780 3636 840 3679 xi.
865 3634 969 3691 605.
1635 3639 1654 3658 ¹
1684 3631 1745 3676 xi.
1769 3629 1873 3677 601.
