2320 4126
325 231 327 233 ’
398 218 472 274 98
626 216 824 271 Gloriae
848 217 956 288 ejus
968 219 1221 289 promima
1244 227 1364 272 sunt
1387 220 1566 273 mortis
1582 220 1870 292 proesayia.
1926 240 2088 276 PRAEL.
2106 241 2200 275 vn.

403 375 665 439 usquam
701 361 895 419 simile
934 370 1041 420 aut
1077 363 1412 420 secundum
1432 364 1867 439 judicantibus,
1898 365 2099 444 prodit
2138 368 2202 425 in

404 461 800 521 certissimam
832 461 1145 519 victoriam
1170 459 1465 519 Achilles,
1506 482 1509 485 ·

582 556 767 616 πειρήθη
790 556 827 601 δ’
852 556 898 601 ἕο
920 557 1053 601 αὐτοῦ
1075 556 1121 601 ἐν
1141 556 1287 601 ἔντεσι
1309 556 1402 602 δῖος
1421 556 1677 616 Ἀχίλλευς,

585 631 624 675 εἷ
645 628 692 675 οῗ
708 631 1030 690 ἐφαρμόσσειε,
1053 630 1123 673 καὶ
1145 623 1510 689 ἐντρέχοιᾶγλαα
1531 633 1647 690 γυῖα·

583 710 646 766 τῷ
666 706 703 751 δ’
725 705 828 751 αὖτε
847 706 986 764 πτερὰ
1005 704 1182 765 γίγνετ’,
1205 703 1323 763 ἅειρε
1345 704 1393 749 δέ
1413 705 1600 763 ποιμένα
1619 707 1753 751 λαῶν.

584 781 632 825 ἐκ
653 780 691 825 δ’
713 781 799 840 ἄρα
820 779 1036 840 σύριγγος
1055 781 1277 838 πατρώιον
1299 778 1516 824 ἐσπάσατ’
1539 780 1686 839 ἔγχος,

582 850 731 911 βριθύ,
753 852 881 911 μεγά,
905 853 1135 910 στιβαρόν·
1170 852 1221 895 τὸ
1243 851 1323 909 μὲν
1344 852 1395 896 οὗ
1414 850 1574 896 ’δυνατ’
1598 851 1738 899 ἄλλος
1756 851 1950 912 Ἀχαιῶν

581 927 785 978 πάλλειν,
807 925 926 981 ἀλλά
945 943 1020 982 μιν
1041 920 1132 970 οἶος
1152 924 1365 970 ἐπίστατο
1385 927 1522 983 πῆλαι
1544 924 1799 985 Ἀχίλλευς,

582 999 787 1056 Πηλιάδα
806 991 976 1057 μελίην,
998 999 1078 1055 τὴν
1096 999 1231 1057 πατρὶ
1252 999 1377 1061 φίλῳ
1397 1001 1509 1058 πόρε
1531 999 1704 1058 Χείρων

584 1073 758 1130 Πηλίου
780 1073 827 1117 ἐκ
848 1074 1061 1132 κορυφῆς,
1084 1074 1227 1133 φόνον
1247 1073 1426 1131 ἔμμεναι
1447 1073 1689 1132 ἡρώεσσιν.

565 1150 567 1152 ’
819 1180 829 1190 .
866 1180 879 1191 .
911 1147 1248 1206 κορυσσάμενος
1268 1149 1328 1205 βῆ
1348 1146 1603 1207 Ἀχίλλευς,

583 1218 763 1279 τεύχεσι
783 1221 1062 1280 παμφαίνων,
1083 1219 1191 1266 ὥστ’
1215 1218 1412 1280 ἠλέκτωρ
1433 1220 1660 1280 ’Υπερίων,

583 1289 863 1352 σμερδαλέον
883 1292 920 1339 δ’
942 1292 1146 1339 ’ἵπποισιν
1167 1293 1370 1339 ἐκέκλετο
1390 1295 1558 1353 πατρὸς
1578 1295 1669 1339 ἑοῖο
1682 1301 1722 1339 θ’.

518 1384 870 1444 Excelsiora
928 1406 1098 1464 paene
1166 1394 1309 1445 sunt
1367 1387 1512 1456 haec,
1575 1406 1756 1464 quam
1815 1406 1923 1463 pro
1981 1385 2204 1444 affectu

401 1492 705 1563 captuque
771 1484 1106 1543 hominum.
1142 1539 1145 1542 ,
1231 1485 1376 1544 Erat
1442 1487 1649 1563 itaque
1716 1485 2065 1554 verendum,
2127 1506 2206 1544 ne

400 1583 661 1643 Achillis
683 1587 1020 1660 personam,
1043 1591 1335 1661 tanquam
1368 1586 1496 1642 θεοῦ
1524 1581 1642 1641 ἀπὸ
1672 1580 1940 1664 μηχάνης,
1971 1582 2208 1662 langui-

401 1685 533 1743 dius
607 1684 806 1741 forsan
873 1683 1217 1740 intueretur
1281 1702 1474 1753 menS‚
1544 1682 1714 1740 nullo
1783 1690 1976 1753 metu,
2040 1681 2209 1741 nulla

397 1783 780 1841 dubitatione
853 1802 1157 1860 suspensa.
1276 1781 1401 1840 Sed
1467 1782 1599 1841 istis
1666 1782 1876 1841 statim
1949 1782 2207 1849 mirifice

401 1882 775 1941 occurritur:

580 1980 658 2024 τὸν
679 1977 716 2023 δ’
739 1977 807 2038 ἄρ’
828 1978 914 2023 ὑπὸ
937 1978 1099 2037 ζυγόφι
1120 1976 1336 2036 προσέφη
1356 1978 1499 2025 πόδας
1519 1976 1673 2024 αἵολος
1693 1975 1845 2032 ἵππος,

585 2053 768 2106 Ξάνθος,
792 2052 917 2112 ἄφαρ
939 2051 976 2096 δ’
1000 2054 1143 2111 ἤμυσε
1165 2050 1362 2110 καρήατι,
1385 2053 1510 2096 πᾶσα
1533 2051 1580 2096 δέ
1600 2051 1750 2111 χαίτη,

584 2125 769 2186 ζεύγλης
790 2126 1058 2184 ἐξεριποῦσα
1079 2124 1198 2184 παρὰ
1221 2125 1365 2183 ζυγὸν,
1389 2122 1522 2170 οὖδας
1542 2122 1703 2170 ἵκανεν·

582 2199 797 2258 αὐδήεντα
818 2198 855 2244 δ’
880 2199 1006 2256 ἔθηκε
1029 2199 1107 2243 θεὰ
1129 2200 1402 2244 λευκώλενος
1415 2197 1553 2258 ”Ηρη·

585 2273 655 2318 καὶ
674 2273 777 2331 λίην
797 2271 840 2318 σ’
864 2273 929 2318 ἔτι
951 2276 1026 2318 νῦν
1045 2292 1099 2332 γε
1121 2273 1375 2331 σαώσομεν,
1398 2271 1545 2331 ὄβριμ’
1567 2271 1801 2332 Ἀχιλλεῦ,

582 2347 704 2392 ἀλλά
723 2365 792 2393 τοι
813 2346 999 2407 ἔγγυθεν
1019 2345 1135 2405 ἦμαρ
1158 2345 1378 2406 ὀλέθριον·
1412 2346 1516 2392 οὐδέ
1535 2365 1604 2392 τοι
1625 2346 1748 2405 ἡμεῖς

581 2424 727 2477 αἴτιοι,
748 2425 868 2469 ἀλλὰ
889 2423 989 2470 θεός
1008 2442 1057 2468 τε
1077 2422 1214 2482 μέγας
1235 2423 1305 2467 καὶ
1327 2425 1476 2481 Μοῖρα
1498 2423 1693 2481 κραταίη.

582 2504 660 2545 νῶι
681 2500 729 2544 δὲ
751 2499 823 2543 καί
843 2517 916 2543 κεν
937 2497 1025 2556 ἅμα
1045 2500 1172 2553 πνοιῆ
1196 2495 1415 2557 Ζεφύροιο
1438 2497 1626 2556 θέοιμεν,

581 2571 715 2630 ἥνπερ
737 2570 1048 2629 ἐλαφροτάτην
1067 2568 1180 2628 φάσ’
1203 2570 1395 2628 ἔμμεναι·
1430 2569 1548 2614 ἀλλά
1570 2588 1644 2616 σοι
1666 2570 1786 2631 αὐτῷ

584 2647 807 2705 μορσιμόν
828 2644 942 2697 ἐστι,
966 2644 1052 2704 θεῷ
1074 2663 1123 2689 τε
1145 2644 1215 2689 καὶ
1236 2642 1354 2704 ἀνέρι
1377 2641 1450 2704 ἶφι
1473 2644 1674 2703 δαμῆναι.

583 2722 641 2767 ὣς
663 2719 748 2779 ἄρα
769 2717 1060 2779 φωνήσαντος
1078 2717 1299 2777 Ἐρίννυες
1317 2719 1508 2778 ἔσχεθον
1529 2719 1679 2776 αὐδήν·

580 2795 658 2840 τὸν
678 2794 727 2838 δὲ
747 2791 844 2853 μέγ’
867 2791 1068 2851 ὀχθήσας
1086 2792 1299 2852 προσέφη
1320 2793 1460 2839 πόδας
1479 2791 1590 2840 ὤκυς
1609 2791 1869 2852 Ἀχίλλευς·

585 2868 740 2921 Ξάνθε,
763 2867 807 2912 τί
825 2885 901 2925 μοι
923 2866 1110 2911 θάνατον
1129 2865 1361 2924 μαντεύεαι
1377 2884 1391 2920 ;
1426 2865 1531 2911 οὐδέ
1550 2866 1594 2911 τί
1615 2886 1670 2912 σε
1689 2866 1794 2926 χρή.

581 2941 630 2986 εὖ
651 2941 701 2987 νύ
722 2959 790 2986 τοι
812 2937 910 2985 οἶδα
931 2940 1000 2984 καὶ
1022 2941 1167 2993 αὐτός,
1190 2939 1216 2983 ὅ
1241 2959 1316 2998 μοι
1337 2942 1476 2999 μόρος
1495 2939 1638 2986 ἔνθαδ’
1662 2939 1869 2994 δ’λεσθαι,

585 3017 726 3075 νόσφι
748 3014 890 3074 φίλου
909 3014 1077 3073 πατρὸς
1097 3014 1167 3057 καὶ
1187 3012 1388 3073 μήτερος·
1424 3014 1545 3058 ἀλλὰ
1566 3015 1637 3059 καὶ
1658 3015 1800 3073 ἔμπης

584 3090 635 3134 οὗ
655 3088 795 3147 λήξω,
816 3088 921 3146 πρὶν
940 3092 1092 3146 Τρῶας
1112 3087 1222 3145 ἅδην
1242 3087 1406 3132 ἐλάσαι
1426 3087 1657 3146 πολέμοιο.

583 3163 609 3222 ἦ
630 3183 703 3223 ρα,
721 3164 791 3208 καὶ
812 3162 859 3208 ἐν
877 3164 1070 3221 πρωτοῖς
1088 3159 1228 3220 ’ίαχων
1247 3162 1324 3220 ἔχε
1339 3164 1546 3221 μώνυχας
1565 3161 1742 3209 ἵππους.

490 3255 643 3314 Haec
688 3254 876 3312 fusius
920 3251 1124 3331 paullo
1168 3253 1440 3321 recitare,
1479 3272 1683 3329 quam,
1706 3254 1826 3312 fert
1866 3253 2048 3331 hujus
2089 3253 2206 3312 loci

400 3353 795 3423 consuetudO,
846 3373 969 3412 non
1020 3371 1155 3410 sum
1203 3353 1487 3428 equidem
1539 3353 1785 3422 verituS,
1827 3350 2205 3421 Academici,

400 3473 541 3513 cum
571 3454 759 3531 probe
800 3451 1225 3530 intelligerem,
1256 3471 1379 3509 non
1409 3451 1527 3510 alia
1566 3471 1631 3510 re
1668 3452 1887 3510 clarius
1918 3450 2208 3509 illustrari

398 3572 572 3631 posse
632 3559 766 3610 tum
819 3549 1080 3610 Achillis
1139 3557 1274 3608 tum
1343 3550 1530 3627 ipsius
1592 3548 1849 3609 Homeri
1917 3547 2204 3608 indolem.
2280 3545 2285 3549 ’

1127 3669 1151 3691 ²²
1184 3661 1238 3705 Il.
1262 3660 1353 3705 xix.
1378 3661 1483 3719 384.
