2320 4126
253 171 365 226 378
572 169 887 223 Cassandrae
911 169 1126 224 oracula
1139 170 1433 242 paullatim
1457 171 1645 240 efferri.
1771 190 1933 224 PRAEL.
1957 191 2052 224 xx.

254 336 317 375 se
348 317 433 374 ait
465 315 828 374 calamitatis
858 335 979 374 non
1011 322 1137 374 tam
1161 336 1288 376 suae
1313 336 1493 392 quam
1524 316 1786 375 universi
1817 317 2052 395 generis

251 415 502 472 humani
522 410 550 450 ‘¹
571 435 583 473 ε
1916 411 1919 414 ’

615 532 666 576 ἰὼ
686 533 870 590 βρότεια
889 531 1128 590 πράγματ’.
1163 532 1430 592 εὐτυχοῦντα
1449 534 1530 591 μὲν

616 607 721 651 σκιά
742 624 808 652 τις
829 605 882 651 ἂν
903 605 1126 665 τρέψειεν·
1160 605 1200 650 εἷ
1220 606 1270 651 δὲ
1291 607 1523 666 δυστυχοῖ,

614 681 774 731 βολαῖς
795 680 1046 739 ὑγρώσσων
1069 682 1272 740 σπόγγος
1293 680 1463 727 ὤλεσεν
1481 682 1677 742 γραφήν.

614 755 685 798 καὶ
706 753 825 799 ταῦτ’
850 754 1022 799 ἐκείνων
1041 756 1216 812 μᾶλλον
1238 754 1435 815 οἰκτείρω
1454 756 1587 801 πολύ.

253 878 586 938 Profitetur
616 879 866 950 scilicet,
904 881 1277 939 acerbiorem
1309 881 1421 939 sibi
1451 881 1638 939 videri
1670 900 1867 958 poenae
1898 881 2055 939 caeli-

249 984 350 1035 tus
396 978 677 1036 immissae
723 978 1110 1048 oblivionem,
1142 999 1324 1056 quam
1357 979 1453 1037 vel
1485 978 1713 1037 Priami
1745 978 1840 1037 vel
1874 979 2052 1037 Pelo-

249 1077 527 1154 pidarum
571 1077 920 1136 infortunia.
1009 1078 1216 1157 Digna
1260 1098 1404 1138 sane
1444 1080 1748 1138 sententia
1783 1099 1915 1156 quae
1950 1098 2052 1136 ve-

248 1178 378 1234 niat
409 1178 472 1235 in
502 1183 777 1236 mentem
807 1178 1043 1236 nunciae
1067 1185 1131 1236 et
1160 1178 1478 1256 interpreti
1504 1178 1779 1237 Deorum
1807 1180 2053 1236 immor-

248 1275 482 1334 talium.

333 1374 431 1433 Ac
464 1374 739 1453 perlegat
769 1375 985 1452 aliquis
1017 1377 1391 1436 oraculorem
1431 1377 1559 1453 ejus
1590 1395 1906 1444 summam,
1932 1395 2051 1452 quo

246 1474 496 1532 tandem
535 1474 744 1531 ordine
784 1474 947 1532 aliud
996 1495 1175 1552 super
1219 1476 1354 1545 alio,
1388 1476 1530 1534 diris
1560 1476 1730 1552 quasi
1768 1475 2052 1554 gradibus

245 1573 576 1650 ingeritur;
622 1572 909 1642 inveniet,
954 1575 1016 1631 ni
1064 1574 1258 1645 fallor,
1290 1574 1545 1632 eandem
1583 1575 1773 1632 ferme
1818 1575 2050 1641 seriem,

246 1691 366 1748 qua
388 1671 667 1729 novimus
689 1691 828 1729 usos
853 1672 1036 1730 fuisse
1061 1672 1222 1749 ipsos
1247 1672 1668 1730 vaticiniorum
1693 1672 1734 1730 J
1737 1673 2051 1730 udaeorum

246 1771 568 1828 antistites,
661 1769 865 1838 Initio,
897 1778 968 1828 ut
1001 1772 1283 1841 diximus,
1315 1771 1510 1830 altum
1550 1771 1896 1841 silentium;
1950 1772 2054 1829 de-

246 1869 389 1927 inde
445 1869 697 1946 suspiria
748 1888 932 1938 mera,
985 1871 1372 1948 gemitusque
1431 1871 1652 1929 concisi
1679 1890 1694 1940 ;
1752 1890 1898 1929 mox
1950 1869 2054 1928 ab-

246 1975 439 2046 ruptae
485 1969 651 2045 quasi
703 1968 1014 2046 particulae
1060 1978 1336 2029 venturae
1386 1969 1606 2039 cladis;
1652 1970 1901 2028 tandem
1946 1970 2052 2029 ali-

247 2069 505 2145 quando,
565 2074 818 2145 pertaesa
858 2067 1102 2138 silentii,
1140 2089 1269 2127 rem
1308 2070 1519 2146 aperit,
1563 2070 1789 2127 crimen
1838 2072 2051 2147 prime,

248 2167 469 2225 deinde
498 2186 759 2244 poenam,
792 2167 991 2225 verbis
1021 2168 1260 2226 disertis
1291 2168 1488 2244 palam
1522 2169 1849 2246 explicans,

337 2266 549 2325 Unum
581 2266 835 2334 addam3
880 2265 1279 2324 Cassandram
1325 2267 1590 2344 auguriis
1616 2287 1689 2324 eo
1721 2268 1849 2326 fieri
1879 2270 2052 2326 terri-

248 2364 545 2433 biliorem,
577 2383 696 2440 quo
727 2364 914 2440 ipsius
950 2363 1185 2422 indoles
1216 2365 1483 2423 tenerior
1513 2365 1591 2423 sit
1621 2373 1684 2424 et
1715 2366 1791 2424 ad
1820 2368 2052 2425 miseri-

250 2463 516 2523 cordiam
547 2462 823 2539 pronior:
872 2462 1113 2539 qualem
1145 2482 1281 2522 eam
1314 2464 1732 2541 cognoscimus
1757 2465 1853 2523 vel
1883 2485 2053 2524 men-

250 2563 417 2621 tione
471 2561 759 2629 lusciniae,
804 2560 890 2635 <ἰώ
937 2560 1155 2637 λιγείας
1201 2561 1380 2642 μόρον
1426 2561 1695 2641 ἀηδόνος),
1746 2564 1843 2622 vel
1889 2565 2051 2624 dulci

250 2662 371 2731 illa,
404 2680 586 2739 quam
616 2680 725 2719 nos
754 2661 937 2718 modo
968 2661 1307 2729 citavimus,
1339 2663 1658 2731 sententia,
1685 2663 2052 2740 deplorantis

251 2761 639 2819 durissimum
683 2759 1034 2817 mortalium
1080 2760 1370 2828 animum,
1422 2780 1606 2837 quem
1653 2782 1730 2819 ne
1779 2762 2052 2821 Deorum

251 2859 498 2937 quidem
530 2877 721 2935 poenae
751 2858 933 2916 altius
959 2857 1201 2916 valeant
1232 2866 1573 2934 penetrare3
1607 2858 1703 2916 vel
1733 2860 2050 2936 praecipue,

251 2959 413 3035 quod
455 2959 516 3015 in
557 2958 812 3035 patriam
848 2976 1118 3015 eversam
1164 2964 1348 3034 atque
1385 2958 1448 3014 in
1493 2958 1790 3034 perditam
1826 2959 2052 3017 Priami

251 3058 500 3116 domum
553 3062 874 3115 revocetur
923 3056 1259 3114 identidem
1312 3056 1626 3134 inexpleto
1670 3058 1854 3116 animi
1901 3059 2054 3116 desi-

251 3157 418 3214 derio
439 3165 462 3192 0
483 3176 497 3226 ;

616 3259 666 3303 ἶὼ
686 3260 835 3319 γάμοι,
857 3261 992 3320 γάμοι

615 3334 826 3393 Πάριδος,
849 3334 1045 3393 ὀλεθρίοι
1066 3333 1227 3392 φίλων·

618 3407 668 3451 ἰὼ
690 3407 974 3466 Σκαμάνδρου
993 3407 1179 3466 πατρίου
1198 3409 1348 3452 πότον·

617 3482 717 3524 τότε
739 3481 818 3538 μὲν
839 3481 956 3540 ἀμφὶ
980 3482 1063 3527 σὰς
1084 3479 1229 3538 ἧίονας
1251 3477 1417 3525 τάλαιν’

559 3623 582 3652 ‘¹
615 3623 770 3680 Aqam.
801 3625 929 3683 1298.
1428 3629 1443 3647 ‘
1476 3622 1589 3667 Ibid.
1620 3637 1749 3681 11²5·
