2320 4126
135 284 293 321 PRAEL.
317 284 390 316 111.
526 263 796 315 Judie-ium
823 261 882 312 de
906 278 963 311 ea
990 277 1044 310 re
1072 259 1245 327 mayni
1261 256 1498 308 Pictoris.
1814 256 1886 310 ,⁶29

136 428 272 469 cum
309 409 382 463 de
423 403 726 480 Raphaele
765 403 976 478 agitur,
1019 401 1081 455 in
1124 399 1239 455 alia
1282 398 1480 453 omnia
1522 402 1685 450 totus
1729 395 1885 450 abit:

137 501 512 578 “Oportere’'
555 500 656 565 ait,
694 499 814 553 “iis
854 516 988 571 quae
1027 496 1347 571 pingantur
1375 491 1670 548 Poeticam
1709 509 1890 563 quan-

137 600 269 655 dam
302 583 497 653 lucem
528 593 827 669 affulgere,
859 609 1051 665 neque
1091 590 1313 645 nudam
1349 588 1528 643 modo
1554 586 1889 644 Veritatem

138 694 387 750 servari:
446 691 504 746 id
551 690 708 763 quod
760 689 821 743 in
873 686 1312 762 elegantissimo
1343 679 1668 758 Raphac'lis
1721 699 1895 755 opere

139 788 404 863 quemvis
435 785 607 842 facile
637 780 1160 859 perspectu1·ume”
1190 779 1525 835 arbitratur.

222 883 494 947 Habetis,
533 879 896 944 Academici,
949 876 1149 951 magni
1201 876 1308 930 viri
1361 874 1434 931 de
1492 875 1582 940 iis,
1640 892 1891 948 quorum

141 980 402 1035 maxima
424 979 553 1033 laus
579 982 667 1031 est
690 975 750 1029 in
782 975 884 1029 illa
915 978 1058 1038 arte,
1084 970 1301 1027 claram
1333 988 1471 1026 sane
1496 970 1893 1042 disertamque

91 1080 95 1083 ’
142 1068 532 1125 sententiam:
572 1085 747 1140 quam
787 1065 944 1132 velis,
986 1072 1055 1120 ut
1095 1065 1181 1120 ita
1217 1065 1426 1131 dicam,
1465 1066 1746 1138 equisque
1786 1083 1893 1138 pro

142 1164 355 1220 nostris
395 1163 673 1218 dimicare
711 1179 887 1216 nemo
924 1161 1246 1235 negaverit.
1334 1160 1495 1227 Quid
1536 1163 1694 1217 enim
1735 1160 1893 1217 aliud

144 1267 404 1317 statuere
427 1259 682 1326 videtur,
706 1257 818 1313 nisi
843 1257 1181 1313 Romanum
1204 1255 1372 1312 illum
1401 1256 1464 1312 N
1467 1264 1655 1314 aturae
1679 1276 1895 1323 amore,

145 1355 411 1431 Belgam,
434 1354 681 1428 propriae
706 1352 1033 1427 disciplinae
1065 1353 1260 1408 studio
1286 1351 1476 1408 efferri
1501 1358 1680 1426 atque
1710 1352 1896 1426 abripi

146 1450 376 1509 solere?
424 1448 604 1505 Illum
627 1467 966 1523 expressam
992 1449 1287 1522 quandam
1312 1466 1533 1514 eorum,
1559 1467 1692 1522 quae
1718 1449 1899 1504 tacita

145 1552 348 1608 mente
371 1545 740 1610 formaverat,
761 1544 959 1599 divina
981 1542 1421 1618 pulchritudine
1446 1543 1703 1619 effigiem
1725 1545 1899 1600 unice

146 1647 325 1714 atque
346 1638 628 1694 acerrime
649 1636 1060 1711 contemplari:
1100 1635 1281 1692 Hunc
1303 1637 1526 1693 subitas
1546 1644 1606 1693 et
1627 1636 1900 1693 fortuitas

149 1734 428 1798 colorum,
454 1733 766 1799 luminum,
790 1733 1109 1788 formarum
1135 1732 1466 1798 varietateS,
1491 1732 1692 1806 quales
1717 1733 1900 1787 etiam

149 1830 306 1885 inter
347 1829 711 1905 pingendum
755 1829 1078 1884 innumerae
1119 1834 1248 1883 tum
1292 1828 1476 1884 oculis
1523 1834 1653 1883 tum
1705 1827 1901 1883 animo

147 1932 483 1991 occurrunt,
521 1924 730 1999 ⁶rapide
774 1943 841 1980 ac
893 1923 1146 1980 feliciter
1189 1931 1442 1998 captare.
1530 1923 1665 1991 Quo
1709 1924 1794 1990 fit,
1834 1929 1903 1978 ut

151 2019 320 2076 Illius
371 2039 548 2094 opera
597 2019 915 2085 intuentes,
965 2020 1038 2075 de
1082 2038 1145 2074 re
1197 2038 1317 2075 non
1360 2019 1434 2074 de
1477 2019 1703 2094 pictore
1747 2019 1905 2094 cogi-

153 2121 379 2171 temus:
427 2114 545 2171 Hic
586 2116 674 2171 sui
729 2133 960 2189 semper
1002 2115 1336 2182 admoneat,
1375 2134 1490 2189 qua
1529 2115 1604 2171 sit
1648 2113 1901 2179 solertia,

153 2230 268 2285 quo
298 2212 586 2280 acumine,
617 2230 794 2285 quam
825 2210 997 2267 facile
1028 2217 1245 2266 tractet
1275 2230 1342 2266 ac
1372 2211 1621 2286 refingat
1652 2212 1864 2267 omnia.

237 2306 412 2374 Quod
457 2308 503 2362 si
545 2326 615 2362 ea
654 2325 887 2380 quoque
932 2307 1273 2380 respexeriS,
1311 2325 1446 2380 quae
1479 2308 1625 2363 vitio
1670 2306 1904 2380 utrique

155 2403 304 2458 verti
356 2403 598 2468 soleant,
654 2401 835 2457 Illum
880 2403 1048 2457 aiunt
1098 2401 1283 2458 nobili
1329 2401 1604 2476 elatoque
1648 2402 1904 2477 ingeniO,

155 2499 257 2554 sed
300 2497 602 2572 aliquanto
647 2498 892 2553 fortasse
936 2497 1333 2571 praefractiori,
1378 2499 1553 2554 nimis
1598 2498 1907 2572 obtempe-

154 2600 401 2659 rantem,
451 2593 716 2667 quaedam
761 2592 1065 2665 reliquisse
1107 2592 1443 2648 duriuscule
1490 2593 1758 2666 appicta:
1805 2593 1906 2664 qui

156 2687 381 2743 scilicet
428 2687 603 2762 longe
650 2686 974 2760 praetulerit
1017 2686 1110 2742 vel
1157 2687 1299 2742 artis
1337 2696 1631 2760 praecepta
1669 2685 1905 2751 violare,

157 2801 332 2856 quam
362 2782 521 2837 intus
556 2781 713 2854 apud
753 2800 814 2836 se
854 2781 1205 2854 excogitatae
1234 2781 1383 2837 mira
1412 2787 1722 2837 venustate
1763 2781 1908 2836 ima-

156 2877 278 2952 gini
317 2895 434 2932 non
480 2876 845 2932 satisfecisse.
934 2873 1139 2949 Atque
1182 2885 1251 2931 ut
1296 2895 1372 2931 ex
1420 2896 1538 2932 uno
1585 2876 1755 2950 plura
1795 2877 1909 2931 dis-

158 2976 382 3037 cantur,
433 2971 718 3026 memoria
769 2976 963 3026 vestra
1019 2972 1317 3044 repetatiS,
1363 2990 1481 3036 oro,
1533 2972 1907 3027 notissimum

157 3065 320 3130 illud,
366 3066 521 3138 quod
565 3066 625 3119 in
667 3065 948 3138 palmaria
988 3067 1205 3121 summi
1253 3067 1359 3121 viri
1409 3063 1642 3122 tabulaf
1685 3066 1906 3122 nemini

124 3178 278 3215 ,non
322 3160 497 3215 tironi
550 3159 787 3215 oculum
840 3159 1016 3215 laedit.
1106 3159 1299 3217 Unius
1346 3161 1623 3217 videlicet
1666 3162 1908 3234 picturae

162 3253 456 3328 duplicem
504 3247 667 3326 quasi
714 3272 949 3310 scenam
1002 3256 1267 3323 ornavit3
1331 3257 1415 3312 ita
1460 3267 1528 3311 ut
1575 3258 1638 3311 in
1688 3259 1909 3313 vertice

162 3349 380 3404 montis
425 3347 548 3403 DEI
595 3347 822 3404 FILIUM
874 3349 1170 3405 inaccessa
1219 3349 1351 3405 luce
1398 3352 1681 3407 vestitum
1732 3351 1912 3408 collo-

517 3507 537 3530 e
561 3501 803 3558 Reynolds,
828 3501 915 3557 Op.
934 3507 966 3543 t.
984 3501 1012 3543 i.
1036 3516 1110 3556 pp.
1134 3502 1205 3557 67,
1224 3501 1295 3544 68.

500 3570 529 3594 ·‘
559 3571 614 3613 In
634 3586 684 3614 ca
705 3586 838 3629 quam
859 3577 1032 3622 vocant,
1054 3571 1140 3613 The
1159 3572 1542 3628 Transfiyuration.
