2320 4126
186 252 341 286 PRAEL.
358 250 447 284 xv,
506 231 731 282 Heroum
754 228 1092 297 domefuisse
1114 228 1172 279 in
1195 227 1353 279 tutela
1376 229 1615 279 Deorum.
1823 231 1931 286 249

176 376 301 449 jam
340 371 625 435 confecta,
656 367 750 426 vel
793 366 948 444 apud
995 367 1210 424 Manes
1251 385 1564 442 procorum
1604 367 1829 425 umbris
1864 368 1933 423 fit

185 469 418 525 obviam
463 484 659 522 rursus
703 462 1157 540 Agamemnon;
1220 481 1297 518 ne
1347 481 1467 519 non
1514 469 1577 519 et
1628 463 1822 537 superi
1870 471 1934 518 et

185 562 699 627 inferitestentur,
732 568 955 617 certam
997 559 1288 634 injuriosis
1330 577 1566 634 poenam
1609 558 1933 615 destinari?

186 658 427 716 Scilicet
486 656 748 714 Deorum
817 657 1189 732 potissimum
1248 654 1456 712 tutelae
1521 653 1932 712 committendi

184 761 349 811 erant
397 753 666 809 Heroum
721 752 920 820 LareS,
965 752 1170 826 nequis
1216 752 1278 807 in
1321 770 1414 808 res
1465 751 1801 808 absentium
1847 751 1936 806 in-

184 851 440 916 vaderet,
471 850 591 905 sive
621 848 885 924 plebeius
915 849 1036 904 sive
1067 848 1470 922 potentiorum
1507 847 1684 903 furor.
1772 846 1933 902 Illud

182 951 542 1020 quantopere
591 945 978 1002 metuendum
1038 944 1206 1010 foret,
1266 950 1477 1018 praeter
1535 943 1810 1019 Ulyssem
1870 948 1932 997 et

182 1041 632 1118 Agamemnona
670 1041 1026 1097 documento
1072 1039 1149 1096 sit
1189 1039 1357 1096 nobis
1388 1037 1673 1105 Achilles,
1704 1038 1933 1095 solicite

182 1143 529 1213 percontans
558 1136 699 1210 quid
729 1141 896 1211 patre
927 1133 1107 1191 Peleo
1138 1133 1243 1190 fiat
1258 1141 1306 1190 g.

415 1270 506 1313 εἷπέ
528 1269 578 1313 δέ
596 1287 684 1326 μοι,
707 1271 884 1325 Πηλῆος
903 1267 1116 1325 ἀμύμονος
1137 1265 1177 1310 εἴ
1194 1285 1235 1311 τι
1255 1264 1498 1317 πεπῦσσαι,

415 1340 440 1399 ἢ
459 1339 520 1385 ἔτ’
542 1339 635 1398 ἔχει
655 1340 780 1398 τιμὴν
798 1339 984 1384 πολέσιν
1003 1340 1110 1396 μετὰ
1131 1339 1502 1396 Μυρμιδόνεσσιν,

413 1414 443 1468 ἤ
460 1431 532 1468 μιν
551 1412 828 1469 ἀτιμάζουσιν
847 1411 908 1456 ἀν’
930 1411 1126 1455 “Ελλάδα
1146 1430 1193 1455 τε
1214 1408 1346 1466 Φθίην
1366 1428 1428 1462 τε,

417 1481 567 1526 οὕνεκα
586 1501 659 1539 μιν
678 1484 783 1527 κατὰ
802 1486 936 1542 γῆρας
954 1480 1048 1540 ἔχει
1068 1482 1217 1540 χεῖράς
1236 1500 1283 1524 τε
1303 1481 1440 1525 πόδας
1460 1498 1521 1523 τε.

416 1555 466 1598 οὐ
486 1556 570 1613 γὰρ
592 1555 701 1613 ἐγὼν
721 1555 944 1613 ἐπαρωγὸς
963 1553 1032 1599 ὑπ’
1055 1554 1188 1612 αὐγὰς
1206 1552 1415 1604 Ἠελίοιο,

416 1628 530 1671 τοῖος
547 1624 574 1670 ἕ
575 1645 647 1677 ων,
670 1624 758 1671 οἷος
777 1625 871 1670 ποτ’
895 1626 956 1670 ἐνὶ
976 1625 1104 1684 Τροίῃ
1127 1625 1266 1682 εὐρείῃ

415 1697 582 1754 πέφνον
600 1699 708 1741 λαὸν
728 1698 922 1755 ἄριστον,
943 1695 1112 1754 ἀμύνων
1131 1696 1410 1754 Ἀργείοισιν·

417 1768 455 1811 εἶ
474 1767 638 1812 τοιόσδ’
658 1767 829 1825 ἔλθοιμι
848 1769 1027 1825 μίνυνθά
1045 1786 1128 1826 περ
1151 1768 1194 1813 ἐς
1213 1767 1398 1824 πατέρος
1418 1766 1494 1817 δῶ,

416 1842 476 1897 τῷ
498 1857 544 1882 κε
563 1839 645 1899 τέῳ
672 1839 875 1896 στύξαιμι
895 1839 1022 1896 μένος
1042 1840 1110 1882 καὶ
1130 1841 1280 1896 χεῖρας
1299 1838 1501 1888 ἀάπτους,

418 1911 459 1953 οἱ
479 1913 616 1954 κεῖνον
634 1912 853 1963 βιόωνται,
875 1910 1102 1968 ἐέργουσιν
1121 1909 1157 1954 τ’
1179 1910 1264 1954 ἀπὸ
1284 1911 1421 1965 τιμῆς.

187 2027 476 2087 Praeclare
506 2030 602 2088 hic
631 2031 1016 2090 adumbratur
1034 2029 1289 2087 Achillis
1312 2046 1577 2104 persona,
1603 2027 1727 2101 ejus
1757 2023 1936 2082 simil-

185 2124 339 2191 lima,
395 2145 568 2200 quam
618 2127 679 2182 in
731 2126 919 2183 Iliade
969 2127 1272 2182 novimus:
1333 2132 1395 2182 et
1448 2124 1688 2198 quidem
1740 2140 1817 2178 ex
1868 2140 1938 2178 ea

185 2228 351 2294 parte
395 2221 707 2288 simillima,
752 2240 886 2295 quae
930 2221 1031 2277 vix
1075 2221 1278 2276 statim
1321 2220 1581 2276 incurrat
1624 2218 1686 2273 in
1734 2215 1936 2272 oculos

183 2316 509 2383 imitatoriS,
541 2317 712 2374 otiosi
742 2323 921 2374 certe.
1011 2316 1308 2373 Pietatem
1341 2316 1472 2371 dico
1513 2312 1768 2370 Achillis
1797 2331 1936 2387 erga

183 2419 410 2487 patrem
454 2413 848 2488 grandaevum,
893 2413 1090 2469 divine
1133 2431 1268 2469 cum
1312 2411 1528 2468 bellico
1571 2410 1686 2466 isto
1729 2408 1935 2464 ardore

182 2514 604 2582 temperatam:
665 2508 926 2564 maxime
973 2508 1213 2583 quidem
1262 2506 1427 2563 illam
1471 2522 1732 2581 personae
1777 2502 1935 2559 illius

181 2604 489 2678 propriam,
520 2603 621 2677 qui
653 2603 979 2659 Hectorem
1016 2603 1253 2660 Priamo
1290 2602 1741 2664 condonaverat,
1774 2617 1936 2654 com-

182 2704 378 2754 motus
406 2705 618 2754 moesta
645 2697 827 2772 patris
856 2697 1115 2754 absentis
1143 2697 1443 2753 memoria.
1511 2694 1805 2751 Attamen
1832 2694 1934 2750 filo

183 2799 321 2849 sunt
361 2812 431 2849 ea
468 2793 754 2860 tenuiore,
785 2799 848 2849 et
887 2811 1129 2850 manum
1164 2792 1412 2867 prodere
1441 2790 1718 2847 videntur
1752 2789 1933 2863 ipsius

181 2888 452 2944 auctoris.

266 2982 497 3041 Verum
532 2983 840 3040 redeamus
879 2983 953 3039 ad
983 2981 1288 3058 Odysseiae
1323 2986 1542 3037 nostrae
1585 2979 1929 3055 religiones:

180 3096 444 3152 quarum,
488 3090 559 3135 ut
599 3079 822 3154 opinor,
867 3079 1018 3135 ratio
1061 3097 1180 3135 non
1224 3077 1338 3134 erit
1383 3076 1623 3133 omnino
1668 3081 1934 3132 contem-

181 3173 389 3240 nenda,
437 3173 618 3247 siquis
668 3193 745 3230 ex
793 3173 907 3230 hoc
957 3179 1159 3230 nostro
1210 3170 1428 3230 saeculo
1480 3170 1719 3245 penitus
1766 3172 1930 3244 quasi

182 3268 345 3324 exire
387 3270 623 3342 poterit,
667 3269 1038 3344 propiusque,
1080 3275 1149 3324 ut
1187 3269 1273 3324 ita
1316 3267 1524 3332 dicam,
1570 3267 1787 3323 intueri
1831 3266 1932 3322 de-

181 3368 363 3418 sertas
402 3361 648 3418 heroum
688 3363 910 3428 domOS‚
941 3360 1193 3418 familias
1239 3359 1490 3416 orbatas,
1580 3359 1652 3415 Ei
1683 3359 1930 3417 fortasse

875 3548 901 3579 Ε
933 3540 1021 3585 Od.
1044 3540 1103 3584 xi.
1127 3554 1228 3597 494.
