<?xml version="1.0" encoding="UTF-8"?>
<!DOCTYPE html PUBLIC "-//W3C//DTD XHTML 1.0 Transitional//EN"
    "http://www.w3.org/TR/xhtml1/DTD/xhtml1-transitional.dtd">
<html xmlns="http://www.w3.org/1999/xhtml" xml:lang="en" lang="en">
 <head>
  <title>
</title>
<meta http-equiv="Content-Type" content="text/html;charset=utf-8" />
  <meta name='ocr-system' content='tesseract 3.04.00' />
  <meta name='ocr-capabilities' content='ocr_page ocr_carea ocr_par ocr_line ocrx_word'/>
</head>
<body>
  <div class='ocr_page' id='page_1' title='image "./a588873901kebluoft_0230.png"; bbox 0 0 2320 4126; ppageno 0'>
   <div class='ocr_carea' id='block_1_1' title="bbox 331 205 2134 276">
    <p class='ocr_par' dir='ltr' id='par_1_1' title="bbox 331 205 2134 276">
     <span class='ocr_line' id='line_1_1' title="bbox 331 205 2134 276; baseline 0.002 -20"><span class='ocrx_word' id='word_1_1' title='bbox 331 205 442 256; x_wconf 68' lang='lat'>220</span> <span class='ocrx_word' id='word_1_2' title='bbox 790 206 969 259; x_wconf 73' lang='lat' dir='ltr'>Poetis</span> <span class='ocrx_word' id='word_1_3' title='bbox 980 206 1294 276; x_wconf 74' lang='lat' dir='ltr'>popularem</span> <span class='ocrx_word' id='word_1_4' title='bbox 1320 205 1448 276; x_wconf 77' lang='lat' dir='ltr'>reip.</span> <span class='ocrx_word' id='word_1_5' title='bbox 1478 211 1670 257; x_wconf 77' lang='lat' dir='ltr'>statum</span> <span class='ocrx_word' id='word_1_6' title='bbox 1833 224 1995 259; x_wconf 79' lang='lat' dir='ltr'>PRAEL.</span> <span class='ocrx_word' id='word_1_7' title='bbox 2018 225 2134 259; x_wconf 83' lang='lat' dir='ltr'>xm.</span> 
     </span>
    </p>
   </div>
   <div class='ocr_carea' id='block_1_2' title="bbox 329 348 2142 2309">
    <p class='ocr_par' dir='ltr' id='par_1_2' title="bbox 331 348 2134 526">
     <span class='ocr_line' id='line_1_2' title="bbox 333 348 2134 427; baseline 0.003 -21"><span class='ocrx_word' id='word_1_8' title='bbox 333 356 509 407; x_wconf 90' lang='lat' dir='ltr'>tenus</span> <span class='ocrx_word' id='word_1_9' title='bbox 557 348 803 425; x_wconf 85' lang='lat' dir='ltr'>expleat</span> <span class='ocrx_word' id='word_1_10' title='bbox 855 349 1082 408; x_wconf 82' lang='lat' dir='ltr'>heroici</span> <span class='ocrx_word' id='word_1_11' title='bbox 1130 350 1421 426; x_wconf 88' lang='lat' dir='ltr'>temporis</span> <span class='ocrx_word' id='word_1_12' title='bbox 1470 350 1856 421; x_wconf 88' lang='lat' dir='ltr'>desiderium,</span> <span class='ocrx_word' id='word_1_13' title='bbox 1905 371 2024 427; x_wconf 94' lang='lat' dir='ltr'>quo</span> <span class='ocrx_word' id='word_1_14' title='bbox 2084 353 2134 411; x_wconf 90' lang='lat' dir='ltr'>is</span> 
     </span>
     <span class='ocr_line' id='line_1_3' title="bbox 331 447 1166 526; baseline 0 -21"><span class='ocrx_word' id='word_1_15' title='bbox 331 447 792 526; x_wconf 85' lang='lat' dir='ltr'>flagrantissimo</span> <span class='ocrx_word' id='word_1_16' title='bbox 824 449 1166 506; x_wconf 86' lang='lat' dir='ltr'>tenebatur.</span> 
     </span>
    </p>

    <p class='ocr_par' dir='ltr' id='par_1_3' title="bbox 329 545 2139 1696">
     <span class='ocr_line' id='line_1_4' title="bbox 417 545 2132 625; baseline 0.001 -21"><span class='ocrx_word' id='word_1_17' title='bbox 417 546 530 605; x_wconf 87' lang='lat' dir='ltr'>Est</span> <span class='ocrx_word' id='word_1_18' title='bbox 577 554 640 605; x_wconf 90' lang='lat' dir='ltr'>et</span> <span class='ocrx_word' id='word_1_19' title='bbox 685 547 836 604; x_wconf 91' lang='lat' dir='ltr'>illud</span> <span class='ocrx_word' id='word_1_20' title='bbox 889 546 1110 604; x_wconf 91' lang='lat' dir='ltr'>indolis</span> <span class='ocrx_word' id='word_1_21' title='bbox 1164 545 1510 605; x_wconf 81' lang='lat' dir='ltr'>Homericae</span> <span class='ocrx_word' id='word_1_22' title='bbox 1557 566 1677 605; x_wconf 89' lang='lat' dir='ltr'>non</span> <span class='ocrx_word' id='word_1_23' title='bbox 1739 547 1875 606; x_wconf 91' lang='lat' dir='ltr'>leve</span> <span class='ocrx_word' id='word_1_24' title='bbox 1934 568 2132 625; x_wconf 90' lang='lat' dir='ltr'>neque</span> 
     </span>
     <span class='ocr_line' id='line_1_5' title="bbox 331 645 2133 721; baseline 0 -17"><span class='ocrx_word' id='word_1_25' title='bbox 331 647 847 704; x_wconf 89' lang='lat' dir='ltr'>contemnendum</span> <span class='ocrx_word' id='word_1_26' title='bbox 891 645 1203 714; x_wconf 89' lang='lat' dir='ltr'>indicium,</span> <span class='ocrx_word' id='word_1_27' title='bbox 1236 646 1398 721; x_wconf 92' lang='lat' dir='ltr'>quod</span> <span class='ocrx_word' id='word_1_28' title='bbox 1438 646 1501 703; x_wconf 89' lang='lat' dir='ltr'>in</span> <span class='ocrx_word' id='word_1_29' title='bbox 1546 647 1825 704; x_wconf 83' lang='lat' dir='ltr'>universo</span> <span class='ocrx_word' id='word_1_30' title='bbox 1869 648 2133 704; x_wconf 83' lang='lat' dir='ltr'>carmine</span> 
     </span>
     <span class='ocr_line' id='line_1_6' title="bbox 329 743 2135 823; baseline 0.001 -20"><span class='ocrx_word' id='word_1_31' title='bbox 329 753 617 823; x_wconf 88' lang='lat' dir='ltr'>provocat</span> <span class='ocrx_word' id='word_1_32' title='bbox 670 746 746 803; x_wconf 92' lang='lat' dir='ltr'>ad</span> <span class='ocrx_word' id='word_1_33' title='bbox 809 764 988 821; x_wconf 89' lang='lat' dir='ltr'>opem</span> <span class='ocrx_word' id='word_1_34' title='bbox 1043 743 1160 802; x_wconf 92' lang='lat' dir='ltr'>Dei</span> <span class='ocrx_word' id='word_1_35' title='bbox 1189 745 1484 812; x_wconf 63' lang='lat' dir='ltr'>vindicis,</span> <span class='ocrx_word' id='word_1_36' title='bbox 1536 744 1702 802; x_wconf 82' lang='lat' dir='ltr'>Deos</span> <span class='ocrx_word' id='word_1_37' title='bbox 1760 745 2135 805; x_wconf 88' lang='lat' dir='ltr'>immortales</span> 
     </span>
     <span class='ocr_line' id='line_1_7' title="bbox 329 843 2135 921; baseline 0.001 -19"><span class='ocrx_word' id='word_1_38' title='bbox 329 844 557 921; x_wconf 92' lang='lat' dir='ltr'>ubique</span> <span class='ocrx_word' id='word_1_39' title='bbox 589 844 837 902; x_wconf 78' lang='lat' dir='ltr'>adducit</span> <span class='ocrx_word' id='word_1_40' title='bbox 871 843 1074 921; x_wconf 90' lang='lat' dir='ltr'>Ulyssi</span> <span class='ocrx_word' id='word_1_41' title='bbox 1106 844 1372 902; x_wconf 85' lang='lat' dir='ltr'>fautores</span> <span class='ocrx_word' id='word_1_42' title='bbox 1405 851 1467 901; x_wconf 87' lang='lat' dir='ltr'>et</span> <span class='ocrx_word' id='word_1_43' title='bbox 1507 850 1812 920; x_wconf 83' lang='lat' dir='ltr'>patronos,</span> <span class='ocrx_word' id='word_1_44' title='bbox 1906 844 2027 902; x_wconf 85' lang='lat' dir='ltr'>Sed</span> <span class='ocrx_word' id='word_1_45' title='bbox 2060 846 2135 903; x_wconf 91' lang='lat' dir='ltr'>de</span> 
     </span>
     <span class='ocr_line' id='line_1_8' title="bbox 332 943 2137 1020; baseline 0.001 -20"><span class='ocrx_word' id='word_1_46' title='bbox 332 962 404 1001; x_wconf 91' lang='lat' dir='ltr'>ea</span> <span class='ocrx_word' id='word_1_47' title='bbox 455 963 520 1000; x_wconf 91' lang='lat' dir='ltr'>re</span> <span class='ocrx_word' id='word_1_48' title='bbox 572 962 719 1000; x_wconf 87' lang='lat' dir='ltr'>mox</span> <span class='ocrx_word' id='word_1_49' title='bbox 766 943 1124 1001; x_wconf 86' lang='lat' dir='ltr'>viderimus:</span> <span class='ocrx_word' id='word_1_50' title='bbox 1189 962 1326 1020; x_wconf 87' lang='lat' dir='ltr'>quae</span> <span class='ocrx_word' id='word_1_51' title='bbox 1375 962 1514 1000; x_wconf 89' lang='lat' dir='ltr'>cum</span> <span class='ocrx_word' id='word_1_52' title='bbox 1560 949 1809 1019; x_wconf 87' lang='lat' dir='ltr'>propter</span> <span class='ocrx_word' id='word_1_53' title='bbox 1851 943 2137 1020; x_wconf 91' lang='lat' dir='ltr'>amplitu-</span> 
     </span>
     <span class='ocr_line' id='line_1_9' title="bbox 331 1041 2136 1120; baseline 0.001 -19"><span class='ocrx_word' id='word_1_54' title='bbox 331 1043 535 1101; x_wconf 88' lang='lat' dir='ltr'>dinem</span> <span class='ocrx_word' id='word_1_55' title='bbox 575 1062 763 1112; x_wconf 89' lang='lat' dir='ltr'>suam‚</span> <span class='ocrx_word' id='word_1_56' title='bbox 798 1049 931 1101; x_wconf 92' lang='lat' dir='ltr'>tum</span> <span class='ocrx_word' id='word_1_57' title='bbox 962 1049 1210 1120; x_wconf 90' lang='lat' dir='ltr'>propter</span> <span class='ocrx_word' id='word_1_58' title='bbox 1238 1042 1623 1120; x_wconf 85' lang='lat' dir='ltr'>gravitatem,</span> <span class='ocrx_word' id='word_1_59' title='bbox 1657 1041 2007 1120; x_wconf 86' lang='lat' dir='ltr'>dignissima</span> <span class='ocrx_word' id='word_1_60' title='bbox 2043 1052 2136 1102; x_wconf 88' lang='lat' dir='ltr'>est</span> 
     </span>
     <span class='ocr_line' id='line_1_10' title="bbox 331 1140 2136 1218; baseline 0.002 -20"><span class='ocrx_word' id='word_1_61' title='bbox 331 1161 469 1217; x_wconf 86' lang='lat' dir='ltr'>quae</span> <span class='ocrx_word' id='word_1_62' title='bbox 517 1142 763 1200; x_wconf 82' lang='lat' dir='ltr'>seorsim</span> <span class='ocrx_word' id='word_1_63' title='bbox 813 1141 1171 1218; x_wconf 83' lang='lat' dir='ltr'>explicetur.</span> <span class='ocrx_word' id='word_1_64' title='bbox 1264 1140 1451 1198; x_wconf 92' lang='lat' dir='ltr'>Nunc</span> <span class='ocrx_word' id='word_1_65' title='bbox 1504 1140 1768 1199; x_wconf 90' lang='lat' dir='ltr'>rationes</span> <span class='ocrx_word' id='word_1_66' title='bbox 1815 1141 2136 1201; x_wconf 90' lang='lat' dir='ltr'>nonnullas</span> 
     </span>
     <span class='ocr_line' id='line_1_11' title="bbox 331 1239 2135 1319; baseline -0.001 -19"><span class='ocrx_word' id='word_1_67' title='bbox 331 1242 616 1311; x_wconf 87' lang='lat' dir='ltr'>adferam,</span> <span class='ocrx_word' id='word_1_68' title='bbox 648 1249 894 1319; x_wconf 88' lang='lat' dir='ltr'>propter</span> <span class='ocrx_word' id='word_1_69' title='bbox 924 1260 1073 1318; x_wconf 90' lang='lat' dir='ltr'>quas</span> <span class='ocrx_word' id='word_1_70' title='bbox 1103 1239 1392 1299; x_wconf 88' lang='lat' dir='ltr'>credibile</span> <span class='ocrx_word' id='word_1_71' title='bbox 1423 1240 1521 1311; x_wconf 82' lang='lat' dir='ltr'>sit,</span> <span class='ocrx_word' id='word_1_72' title='bbox 1554 1260 1677 1298; x_wconf 89' lang='lat' dir='ltr'>non</span> <span class='ocrx_word' id='word_1_73' title='bbox 1709 1239 1983 1300; x_wconf 89' lang='lat' dir='ltr'>Homero</span> <span class='ocrx_word' id='word_1_74' title='bbox 2024 1241 2135 1301; x_wconf 87' lang='lat' dir='ltr'>soli</span> 
     </span>
     <span class='ocr_line' id='line_1_12' title="bbox 331 1331 2138 1418; baseline -0.001 -19"><span class='ocrx_word' id='word_1_75' title='bbox 331 1361 542 1400; x_wconf 89' lang='lat' dir='ltr'>verum</span> <span class='ocrx_word' id='word_1_76' title='bbox 595 1342 782 1400; x_wconf 89' lang='lat' dir='ltr'>etiam</span> <span class='ocrx_word' id='word_1_77' title='bbox 835 1331 1115 1400; x_wconf 88' lang='lat' dir='ltr'>omnibus</span> <span class='ocrx_word' id='word_1_78' title='bbox 1156 1334 1271 1418; x_wconf 46' lang='lat' dir='ltr'>&#39;qui</span> <span class='ocrx_word' id='word_1_79' title='bbox 1326 1359 1434 1398; x_wconf 88' lang='lat' dir='ltr'>suo</span> <span class='ocrx_word' id='word_1_80' title='bbox 1483 1341 1624 1417; x_wconf 88' lang='lat' dir='ltr'>jure</span> <span class='ocrx_word' id='word_1_81' title='bbox 1681 1339 1892 1400; x_wconf 82' lang='lat' dir='ltr'>Poetae</span> <span class='ocrx_word' id='word_1_82' title='bbox 1945 1341 2138 1399; x_wconf 88' lang='lat' dir='ltr'>nomi-</span> 
     </span>
     <span class='ocr_line' id='line_1_13' title="bbox 331 1439 2138 1519; baseline 0 -19"><span class='ocrx_word' id='word_1_83' title='bbox 331 1449 574 1510; x_wconf 89' lang='lat' dir='ltr'>nantur,</span> <span class='ocrx_word' id='word_1_84' title='bbox 622 1441 816 1519; x_wconf 84' lang='lat' dir='ltr'>magis</span> <span class='ocrx_word' id='word_1_85' title='bbox 876 1440 1173 1518; x_wconf 86' lang='lat' dir='ltr'>placuisse</span> <span class='ocrx_word' id='word_1_86' title='bbox 1226 1459 1361 1498; x_wconf 91' lang='lat' dir='ltr'>eam</span> <span class='ocrx_word' id='word_1_87' title='bbox 1414 1440 1478 1497; x_wconf 90' lang='lat' dir='ltr'>in</span> <span class='ocrx_word' id='word_1_88' title='bbox 1530 1439 1841 1516; x_wconf 85' lang='lat' dir='ltr'>republica</span> <span class='ocrx_word' id='word_1_89' title='bbox 1889 1448 2138 1510; x_wconf 86' lang='lat' dir='ltr'>sectam,</span> 
     </span>
     <span class='ocr_line' id='line_1_14' title="bbox 332 1538 2139 1618; baseline 0.002 -22"><span class='ocrx_word' id='word_1_90' title='bbox 332 1539 430 1596; x_wconf 88' lang='lat' dir='ltr'>cui</span> <span class='ocrx_word' id='word_1_91' title='bbox 479 1538 691 1617; x_wconf 86' lang='lat' dir='ltr'>religio</span> <span class='ocrx_word' id='word_1_92' title='bbox 741 1539 945 1607; x_wconf 82' lang='lat' dir='ltr'>fuerit,</span> <span class='ocrx_word' id='word_1_93' title='bbox 1000 1538 1226 1616; x_wconf 88' lang='lat' dir='ltr'>quieta,</span> <span class='ocrx_word' id='word_1_94' title='bbox 1275 1546 1535 1608; x_wconf 90' lang='lat' dir='ltr'>vetusta,</span> <span class='ocrx_word' id='word_1_95' title='bbox 1595 1548 1975 1599; x_wconf 84' lang='lat' dir='ltr'>sacrosancta</span> <span class='ocrx_word' id='word_1_96' title='bbox 2034 1560 2139 1618; x_wconf 91' lang='lat' dir='ltr'>spe</span> 
     </span>
     <span class='ocr_line' id='line_1_15' title="bbox 331 1656 1156 1696; baseline 0.001 -1"><span class='ocrx_word' id='word_1_97' title='bbox 331 1656 625 1696; x_wconf 89' lang='lat' dir='ltr'>novarum</span> <span class='ocrx_word' id='word_1_98' title='bbox 657 1657 860 1696; x_wconf 88' lang='lat' dir='ltr'>rerum</span> <span class='ocrx_word' id='word_1_99' title='bbox 891 1657 1156 1696; x_wconf 87' lang='lat' dir='ltr'>movere.</span> 
     </span>
    </p>

    <p class='ocr_par' dir='ltr' id='par_1_4' title="bbox 333 1735 2142 2309">
     <span class='ocr_line' id='line_1_16' title="bbox 356 1735 2141 1814; baseline 0.002 -21"><span class='ocrx_word' id='word_1_100' title='bbox 356 1778 358 1780; x_wconf 28' lang='grc' dir='ltr'>ψ</span> <span class='ocrx_word' id='word_1_101' title='bbox 420 1735 646 1806; x_wconf 92' lang='lat' dir='ltr'>Primo,</span> <span class='ocrx_word' id='word_1_102' title='bbox 702 1736 849 1794; x_wconf 88' lang='lat' dir='ltr'>nihil</span> <span class='ocrx_word' id='word_1_103' title='bbox 903 1744 1029 1795; x_wconf 91' lang='lat' dir='ltr'>tam</span> <span class='ocrx_word' id='word_1_104' title='bbox 1076 1737 1442 1795; x_wconf 88' lang='lat' dir='ltr'>carminibus</span> <span class='ocrx_word' id='word_1_105' title='bbox 1497 1735 1787 1806; x_wconf 89' lang='lat' dir='ltr'>alienum,</span> <span class='ocrx_word' id='word_1_106' title='bbox 1835 1756 2019 1814; x_wconf 91' lang='lat' dir='ltr'>quam</span> <span class='ocrx_word' id='word_1_107' title='bbox 2071 1746 2141 1796; x_wconf 93' lang='lat' dir='ltr'>ut</span> 
     </span>
     <span class='ocr_line' id='line_1_17' title="bbox 334 1836 2140 1915; baseline 0.002 -23"><span class='ocrx_word' id='word_1_108' title='bbox 334 1836 537 1893; x_wconf 90' lang='lat' dir='ltr'>omnia</span> <span class='ocrx_word' id='word_1_109' title='bbox 594 1836 887 1894; x_wconf 87' lang='lat' dir='ltr'>metiatur</span> <span class='ocrx_word' id='word_1_110' title='bbox 945 1837 1161 1914; x_wconf 90' lang='lat' dir='ltr'>aliquis</span> <span class='ocrx_word' id='word_1_111' title='bbox 1219 1836 1371 1895; x_wconf 90' lang='lat' dir='ltr'>lucri</span> <span class='ocrx_word' id='word_1_112' title='bbox 1431 1843 1495 1915; x_wconf 90' lang='lat' dir='ltr'>et</span> <span class='ocrx_word' id='word_1_113' title='bbox 1559 1836 1845 1895; x_wconf 76' lang='lat' dir='ltr'>utilitatis</span> <span class='ocrx_word' id='word_1_114' title='bbox 1911 1856 2140 1895; x_wconf 88' lang='lat' dir='ltr'>norma.</span> 
     </span>
     <span class='ocr_line' id='line_1_18' title="bbox 335 1934 2142 2005; baseline 0.002 -14"><span class='ocrx_word' id='word_1_115' title='bbox 335 1934 499 1993; x_wconf 93' lang='lat' dir='ltr'>Illud</span> <span class='ocrx_word' id='word_1_116' title='bbox 552 1943 778 2004; x_wconf 84' lang='lat' dir='ltr'>autem,</span> <span class='ocrx_word' id='word_1_117' title='bbox 828 1936 1091 1995; x_wconf 88' lang='lat' dir='ltr'>fremant</span> <span class='ocrx_word' id='word_1_118' title='bbox 1151 1936 1297 1995; x_wconf 88' lang='lat' dir='ltr'>licet</span> <span class='ocrx_word' id='word_1_119' title='bbox 1357 1955 1567 1994; x_wconf 81' lang='lat' dir='ltr'>omnes</span> <span class='ocrx_word' id='word_1_120' title='bbox 1615 1936 1898 2005; x_wconf 81' lang='lat' dir='ltr'>tabernae,</span> <span class='ocrx_word' id='word_1_121' title='bbox 1951 1936 2142 1995; x_wconf 91' lang='lat' dir='ltr'>libere</span> 
     </span>
     <span class='ocr_line' id='line_1_19' title="bbox 333 2032 2141 2111; baseline 0.001 -20"><span class='ocrx_word' id='word_1_122' title='bbox 333 2041 518 2110; x_wconf 89' lang='lat' dir='ltr'>atque</span> <span class='ocrx_word' id='word_1_123' title='bbox 548 2034 837 2092; x_wconf 88' lang='lat' dir='ltr'>audacter</span> <span class='ocrx_word' id='word_1_124' title='bbox 865 2034 1161 2092; x_wconf 87' lang='lat' dir='ltr'>affirmem</span> <span class='ocrx_word' id='word_1_125' title='bbox 1204 2053 1333 2092; x_wconf 90' lang='lat' dir='ltr'>esse</span> <span class='ocrx_word' id='word_1_126' title='bbox 1379 2032 1684 2110; x_wconf 89' lang='lat' dir='ltr'>popularis</span> <span class='ocrx_word' id='word_1_127' title='bbox 1726 2040 1920 2092; x_wconf 91' lang='lat' dir='ltr'>status</span> <span class='ocrx_word' id='word_1_128' title='bbox 1953 2033 2141 2111; x_wconf 91' lang='lat' dir='ltr'>(quod</span> 
     </span>
     <span class='ocr_line' id='line_1_20' title="bbox 335 2132 2141 2211; baseline 0 -20"><span class='ocrx_word' id='word_1_129' title='bbox 335 2135 581 2211; x_wconf 88' lang='lat' dir='ltr'>vocant)</span> <span class='ocrx_word' id='word_1_130' title='bbox 627 2133 776 2201; x_wconf 70' lang='grc' dir='ltr'><strong><em>ἦθος.</em></strong></span> <span class='ocrx_word' id='word_1_131' title='bbox 866 2133 1025 2191; x_wconf 90' lang='lat' dir='ltr'>Eum</span> <span class='ocrx_word' id='word_1_132' title='bbox 1073 2132 1352 2211; x_wconf 85' lang='lat' dir='ltr'>intelligo</span> <span class='ocrx_word' id='word_1_133' title='bbox 1396 2132 1751 2210; x_wconf 89' lang='lat' dir='ltr'>popularem</span> <span class='ocrx_word' id='word_1_134' title='bbox 1797 2133 2141 2210; x_wconf 79' lang='lat' dir='ltr'>reipublicae</span> 
     </span>
     <span class='ocr_line' id='line_1_21' title="bbox 335 2232 2142 2309; baseline 0.001 -19"><span class='ocrx_word' id='word_1_135' title='bbox 335 2240 583 2302; x_wconf 87' lang='lat' dir='ltr'>statum,</span> <span class='ocrx_word' id='word_1_136' title='bbox 609 2234 712 2309; x_wconf 89' lang='lat' dir='ltr'>qui</span> <span class='ocrx_word' id='word_1_137' title='bbox 737 2241 800 2291; x_wconf 92' lang='lat' dir='ltr'>et</span> <span class='ocrx_word' id='word_1_138' title='bbox 832 2233 1111 2290; x_wconf 88' lang='lat' dir='ltr'>ordinum</span> <span class='ocrx_word' id='word_1_139' title='bbox 1144 2233 1417 2291; x_wconf 89' lang='lat' dir='ltr'>omnium</span> <span class='ocrx_word' id='word_1_140' title='bbox 1442 2240 1506 2290; x_wconf 90' lang='lat' dir='ltr'>et</span> <span class='ocrx_word' id='word_1_141' title='bbox 1537 2232 1815 2309; x_wconf 88' lang='lat' dir='ltr'>stirpium</span> <span class='ocrx_word' id='word_1_142' title='bbox 1841 2252 2142 2291; x_wconf 91' lang='lat' dir='ltr'>summam</span> 
     </span>
    </p>
   </div>
   <div class='ocr_carea' id='block_1_3' title="bbox 334 2332 2144 2507">
    <p class='ocr_par' dir='ltr' id='par_1_5' title="bbox 334 2332 2144 2507">
     <span class='ocr_line' id='line_1_22' title="bbox 334 2332 2143 2410; baseline -0.001 -19"><span class='ocrx_word' id='word_1_143' title='bbox 334 2352 456 2410; x_wconf 87' lang='lat' dir='ltr'>prae</span> <span class='ocrx_word' id='word_1_144' title='bbox 487 2352 551 2391; x_wconf 88' lang='lat' dir='ltr'>se</span> <span class='ocrx_word' id='word_1_145' title='bbox 581 2333 737 2390; x_wconf 86' lang='lat' dir='ltr'>ferat</span> <span class='ocrx_word' id='word_1_146' title='bbox 767 2333 1195 2409; x_wconf 82' lang='lat' dir='ltr'>aequalitatem,</span> <span class='ocrx_word' id='word_1_147' title='bbox 1229 2351 1486 2408; x_wconf 90' lang='lat' dir='ltr'>eamque</span> <span class='ocrx_word' id='word_1_148' title='bbox 1518 2351 1639 2388; x_wconf 90' lang='lat' dir='ltr'>non</span> <span class='ocrx_word' id='word_1_149' title='bbox 1677 2332 1913 2410; x_wconf 82' lang='lat' dir='ltr'>legibus</span> <span class='ocrx_word' id='word_1_150' title='bbox 1946 2333 2143 2391; x_wconf 91' lang='lat' dir='ltr'>solum</span> 
     </span>
     <span class='ocr_line' id='line_1_23' title="bbox 336 2428 2144 2507; baseline 0.001 -20"><span class='ocrx_word' id='word_1_151' title='bbox 336 2449 550 2487; x_wconf 88' lang='lat' dir='ltr'>verum</span> <span class='ocrx_word' id='word_1_152' title='bbox 592 2430 778 2487; x_wconf 91' lang='lat' dir='ltr'>etiam</span> <span class='ocrx_word' id='word_1_153' title='bbox 825 2430 1096 2487; x_wconf 86' lang='lat' dir='ltr'>moribus</span> <span class='ocrx_word' id='word_1_154' title='bbox 1141 2436 1405 2487; x_wconf 88' lang='lat' dir='ltr'>tueatur.</span> <span class='ocrx_word' id='word_1_155' title='bbox 1499 2428 1692 2487; x_wconf 90' lang='lat' dir='ltr'>Nulla</span> <span class='ocrx_word' id='word_1_156' title='bbox 1735 2430 1797 2486; x_wconf 91' lang='lat' dir='ltr'>in</span> <span class='ocrx_word' id='word_1_157' title='bbox 1847 2431 2144 2507; x_wconf 87' lang='lat' dir='ltr'>ejusmodi</span> 
     </span>
    </p>
   </div>
   <div class='ocr_carea' id='block_1_4' title="bbox 336 2527 2144 2697">
    <p class='ocr_par' dir='ltr' id='par_1_6' title="bbox 336 2527 2144 2697">
     <span class='ocr_line' id='line_1_24' title="bbox 336 2527 2144 2607; baseline 0 -20"><span class='ocrx_word' id='word_1_158' title='bbox 336 2530 584 2587; x_wconf 90' lang='lat' dir='ltr'>civitate</span> <span class='ocrx_word' id='word_1_159' title='bbox 615 2527 899 2586; x_wconf 87' lang='lat' dir='ltr'>nobilitas</span> <span class='ocrx_word' id='word_1_160' title='bbox 931 2529 1047 2586; x_wconf 89' lang='lat' dir='ltr'>erit</span> <span class='ocrx_word' id='word_1_161' title='bbox 1077 2529 1189 2586; x_wconf 88' lang='lat' dir='ltr'>nisi</span> <span class='ocrx_word' id='word_1_162' title='bbox 1221 2529 1566 2605; x_wconf 87' lang='lat' dir='ltr'>pecuniosa.</span> <span class='ocrx_word' id='word_1_163' title='bbox 1655 2528 1868 2607; x_wconf 85' lang='lat' dir='ltr'>Longe</span> <span class='ocrx_word' id='word_1_164' title='bbox 1898 2528 2144 2607; x_wconf 87' lang='lat' dir='ltr'>lateque</span> 
     </span>
     <span class='ocr_line' id='line_1_25' title="bbox 336 2627 1394 2697; baseline -0.002 -10"><span class='ocrx_word' id='word_1_165' title='bbox 336 2628 750 2687; x_wconf 87' lang='lat' dir='ltr'>dominabitur</span> <span class='ocrx_word' id='word_1_166' title='bbox 782 2627 1192 2686; x_wconf 90' lang='lat' dir='ltr'>Horatianum</span> <span class='ocrx_word' id='word_1_167' title='bbox 1222 2627 1394 2697; x_wconf 90' lang='lat' dir='ltr'>illud,</span> 
     </span>
    </p>
   </div>
   <div class='ocr_carea' id='block_1_5' title="bbox 580 2787 1754 2848">
    <p class='ocr_par' dir='ltr' id='par_1_7' title="bbox 580 2787 1754 2848">
     <span class='ocr_line' id='line_1_26' title="bbox 580 2787 1754 2848; baseline 0 -15"><span class='ocrx_word' id='word_1_168' title='bbox 580 2787 623 2833; x_wconf 92' lang='lat' dir='ltr'>O</span> <span class='ocrx_word' id='word_1_169' title='bbox 647 2788 782 2842; x_wconf 87' lang='lat' dir='ltr'>cives,</span> <span class='ocrx_word' id='word_1_170' title='bbox 806 2788 941 2842; x_wconf 88' lang='lat' dir='ltr'>cives,</span> <span class='ocrx_word' id='word_1_171' title='bbox 967 2787 1213 2848; x_wconf 88' lang='lat' dir='ltr'>quaerenda</span> <span class='ocrx_word' id='word_1_172' title='bbox 1233 2788 1426 2848; x_wconf 81' lang='lat' dir='ltr'>pecunia</span> <span class='ocrx_word' id='word_1_173' title='bbox 1446 2788 1648 2848; x_wconf 92' lang='lat' dir='ltr'>primum</span> <span class='ocrx_word' id='word_1_174' title='bbox 1670 2796 1754 2833; x_wconf 87' lang='lat' dir='ltr'>est.</span> 
     </span>
    </p>
   </div>
   <div class='ocr_carea' id='block_1_6' title="bbox 332 2928 2148 3699">
    <p class='ocr_par' dir='ltr' id='par_1_8' title="bbox 332 2928 2148 3699">
     <span class='ocr_line' id='line_1_27' title="bbox 339 2928 2145 2999; baseline 0.002 -13"><span class='ocrx_word' id='word_1_175' title='bbox 339 2929 520 2999; x_wconf 86' lang='lat' dir='ltr'>Quid,</span> <span class='ocrx_word' id='word_1_176' title='bbox 553 2929 820 2998; x_wconf 88' lang='lat' dir='ltr'>obsecr0‚</span> <span class='ocrx_word' id='word_1_177' title='bbox 852 2929 953 2987; x_wconf 87' lang='lat' dir='ltr'>isti</span> <span class='ocrx_word' id='word_1_178' title='bbox 985 2929 1216 2988; x_wconf 87' lang='lat' dir='ltr'>nationi</span> <span class='ocrx_word' id='word_1_179' title='bbox 1248 2950 1388 2988; x_wconf 90' lang='lat' dir='ltr'>cum</span> <span class='ocrx_word' id='word_1_180' title='bbox 1427 2929 1793 2988; x_wconf 87' lang='lat' dir='ltr'>suavissimis</span> <span class='ocrx_word' id='word_1_181' title='bbox 1825 2928 2145 2988; x_wconf 85' lang='lat' dir='ltr'>Musarum</span> 
     </span>
     <span class='ocr_line' id='line_1_28' title="bbox 339 3027 2147 3107; baseline 0.001 -21"><span class='ocrx_word' id='word_1_182' title='bbox 339 3027 569 3088; x_wconf 73' lang='lat' dir='ltr'>literis?</span> <span class='ocrx_word' id='word_1_183' title='bbox 616 3048 871 3106; x_wconf 89' lang='lat' dir='ltr'>quarum</span> <span class='ocrx_word' id='word_1_184' title='bbox 902 3049 1101 3106; x_wconf 91' lang='lat' dir='ltr'>neque</span> <span class='ocrx_word' id='word_1_185' title='bbox 1141 3031 1218 3089; x_wconf 90' lang='lat' dir='ltr'>ad</span> <span class='ocrx_word' id='word_1_186' title='bbox 1255 3031 1600 3089; x_wconf 88' lang='lat' dir='ltr'>condendas</span> <span class='ocrx_word' id='word_1_187' title='bbox 1641 3049 1787 3107; x_wconf 91' lang='lat' dir='ltr'>opes</span> <span class='ocrx_word' id='word_1_188' title='bbox 1826 3048 2026 3106; x_wconf 90' lang='lat' dir='ltr'>neque</span> <span class='ocrx_word' id='word_1_189' title='bbox 2068 3029 2147 3087; x_wconf 90' lang='lat' dir='ltr'>ad</span> 
     </span>
     <span class='ocr_line' id='line_1_29' title="bbox 339 3127 2146 3207; baseline 0 -21"><span class='ocrx_word' id='word_1_190' title='bbox 339 3129 660 3187; x_wconf 89' lang='lat' dir='ltr'>servandas</span> <span class='ocrx_word' id='word_1_191' title='bbox 690 3127 852 3186; x_wconf 90' lang='lat' dir='ltr'>ullus</span> <span class='ocrx_word' id='word_1_192' title='bbox 894 3129 972 3186; x_wconf 91' lang='lat' dir='ltr'>sit</span> <span class='ocrx_word' id='word_1_193' title='bbox 1013 3147 1175 3186; x_wconf 77' lang='lat' dir='ltr'>usus,</span> <span class='ocrx_word' id='word_1_194' title='bbox 1266 3128 1628 3207; x_wconf 86' lang='lat' dir='ltr'>Langueant</span> <span class='ocrx_word' id='word_1_195' title='bbox 1658 3148 1869 3187; x_wconf 86' lang='lat' dir='ltr'>omnes</span> <span class='ocrx_word' id='word_1_196' title='bbox 1898 3147 2146 3187; x_wconf 87' lang='lat' dir='ltr'>necesse</span> 
     </span>
     <span class='ocr_line' id='line_1_30' title="bbox 338 3226 2144 3304; baseline -0.001 -19"><span class='ocrx_word' id='word_1_197' title='bbox 338 3235 448 3295; x_wconf 88' lang='lat' dir='ltr'>est,</span> <span class='ocrx_word' id='word_1_198' title='bbox 480 3227 770 3304; x_wconf 89' lang='lat' dir='ltr'>nulloque</span> <span class='ocrx_word' id='word_1_199' title='bbox 801 3228 862 3284; x_wconf 90' lang='lat' dir='ltr'>in</span> <span class='ocrx_word' id='word_1_200' title='bbox 894 3226 1121 3284; x_wconf 90' lang='lat' dir='ltr'>honore</span> <span class='ocrx_word' id='word_1_201' title='bbox 1150 3227 1433 3303; x_wconf 87' lang='lat' dir='ltr'>jaceant;</span> <span class='ocrx_word' id='word_1_202' title='bbox 1479 3228 1540 3285; x_wconf 92' lang='lat' dir='ltr'>id</span> <span class='ocrx_word' id='word_1_203' title='bbox 1573 3228 1732 3304; x_wconf 92' lang='lat' dir='ltr'>quod</span> <span class='ocrx_word' id='word_1_204' title='bbox 1778 3227 1873 3286; x_wconf 86' lang='lat' dir='ltr'>his</span> <span class='ocrx_word' id='word_1_205' title='bbox 1906 3234 2144 3303; x_wconf 89' lang='lat' dir='ltr'>tempo-</span> 
     </span>
     <span class='ocr_line' id='line_1_31' title="bbox 332 3325 2146 3402; baseline 0 -20"><span class='ocrx_word' id='word_1_206' title='bbox 332 3325 502 3393; x_wconf 81' lang='lat' dir='ltr'>ribus</span> <span class='ocrx_word' id='word_1_207' title='bbox 533 3345 656 3383; x_wconf 85' lang='lat' dir='ltr'>non</span> <span class='ocrx_word' id='word_1_208' title='bbox 685 3346 808 3383; x_wconf 90' lang='lat' dir='ltr'>uno</span> <span class='ocrx_word' id='word_1_209' title='bbox 839 3327 903 3383; x_wconf 90' lang='lat' dir='ltr'>in</span> <span class='ocrx_word' id='word_1_210' title='bbox 934 3325 1068 3383; x_wconf 90' lang='lat' dir='ltr'>loco</span> <span class='ocrx_word' id='word_1_211' title='bbox 1099 3326 1229 3384; x_wconf 90' lang='lat' dir='ltr'>fieri</span> <span class='ocrx_word' id='word_1_212' title='bbox 1261 3327 1572 3385; x_wconf 87' lang='lat' dir='ltr'>videmus:</span> <span class='ocrx_word' id='word_1_213' title='bbox 1614 3345 1836 3402; x_wconf 90' lang='lat' dir='ltr'>nempe</span> <span class='ocrx_word' id='word_1_214' title='bbox 1866 3332 1938 3383; x_wconf 86' lang='lat' dir='ltr'>ut</span> <span class='ocrx_word' id='word_1_215' title='bbox 1969 3343 2146 3400; x_wconf 85' lang='lat' dir='ltr'>quos-</span> 
     </span>
     <span class='ocr_line' id='line_1_32' title="bbox 339 3422 2148 3501; baseline -0.001 -19"><span class='ocrx_word' id='word_1_216' title='bbox 339 3444 579 3501; x_wconf 88' lang='lat' dir='ltr'>cunque</span> <span class='ocrx_word' id='word_1_217' title='bbox 638 3422 928 3484; x_wconf 85' lang='lat' dir='ltr'>invaserit</span> <span class='ocrx_word' id='word_1_218' title='bbox 979 3444 1087 3483; x_wconf 93' lang='lat' dir='ltr'>seu</span> <span class='ocrx_word' id='word_1_219' title='bbox 1138 3425 1416 3484; x_wconf 91' lang='lat' dir='ltr'>homines</span> <span class='ocrx_word' id='word_1_220' title='bbox 1469 3425 1596 3483; x_wconf 90' lang='lat' dir='ltr'>sive</span> <span class='ocrx_word' id='word_1_221' title='bbox 1648 3425 1927 3483; x_wconf 87' lang='lat' dir='ltr'>civitates</span> <span class='ocrx_word' id='word_1_222' title='bbox 1980 3423 2148 3481; x_wconf 85' lang='lat' dir='ltr'>furor</span> 
     </span>
     <span class='ocr_line' id='line_1_33' title="bbox 339 3523 2143 3600; baseline 0 -20"><span class='ocrx_word' id='word_1_223' title='bbox 339 3523 455 3580; x_wconf 89' lang='lat' dir='ltr'>iste</span> <span class='ocrx_word' id='word_1_224' title='bbox 484 3524 791 3600; x_wconf 89' lang='lat' dir='ltr'>popularis</span> <span class='ocrx_word' id='word_1_225' title='bbox 821 3543 891 3581; x_wconf 88' lang='lat' dir='ltr'>ac</span> <span class='ocrx_word' id='word_1_226' title='bbox 921 3525 1315 3592; x_wconf 83' lang='lat' dir='ltr'>nummariuS,</span> <span class='ocrx_word' id='word_1_227' title='bbox 1341 3543 1445 3582; x_wconf 87' lang='lat' dir='ltr'>eos</span> <span class='ocrx_word' id='word_1_228' title='bbox 1469 3524 1676 3582; x_wconf 86' lang='lat' dir='ltr'>statim</span> <span class='ocrx_word' id='word_1_229' title='bbox 1700 3524 1852 3581; x_wconf 85' lang='lat' dir='ltr'>mira</span> <span class='ocrx_word' id='word_1_230' title='bbox 1870 3523 2143 3600; x_wconf 87' lang='lat' dir='ltr'>quaedam</span> 
     </span>
     <span class='ocr_line' id='line_1_34' title="bbox 341 3621 2142 3699; baseline -0.001 -20"><span class='ocrx_word' id='word_1_231' title='bbox 341 3629 600 3698; x_wconf 87' lang='lat' dir='ltr'>occupet</span> <span class='ocrx_word' id='word_1_232' title='bbox 646 3623 731 3680; x_wconf 90' lang='lat' dir='ltr'>rei</span> <span class='ocrx_word' id='word_1_233' title='bbox 768 3623 1022 3699; x_wconf 81' lang='lat' dir='ltr'>poeticae</span> <span class='ocrx_word' id='word_1_234' title='bbox 1054 3623 1448 3699; x_wconf 85' lang='lat' dir='ltr'>despicientia</span> <span class='ocrx_word' id='word_1_235' title='bbox 1468 3634 1498 3680; x_wconf 73' lang='grc' dir='ltr'>ε’</span> <span class='ocrx_word' id='word_1_236' title='bbox 1529 3624 1640 3681; x_wconf 87' lang='lat' dir='ltr'>nisi</span> <span class='ocrx_word' id='word_1_237' title='bbox 1675 3621 2142 3680; x_wconf 77' lang='lat' dir='ltr'>forte&#39;extiterit</span> 
     </span>
    </p>
   </div>
  </div>
 </body>
</html>
