2320 4126
325 214 436 269 298
734 212 818 266 De
845 209 1071 267 bellicoso
1097 212 1341 283 AEsohyli
1365 213 1566 285 inyenio
1585 235 1602 266 .-
1809 232 1971 267 PRAEL.
1989 232 2122 269 xv11.

323 365 496 416 erant
527 364 821 435 tempora,
839 378 971 435 quae
1001 378 1127 436 prae
1152 359 1388 418 caeteris
1419 359 1645 437 egregii
1670 360 1824 419 vatis
1852 362 2124 420 animum

322 458 625 535 erigerent
667 464 851 533 atque
881 458 945 514 in
974 457 1342 516 immortalia
1381 464 1680 535 raperent.
1743 457 1841 517 Ac
1873 459 2125 519 fortasse

322 556 436 614 hoc
489 555 641 613 illud
690 562 837 625 erat,
890 555 1054 631 quod
1104 556 1168 612 in
1219 557 1472 614 minutis
1517 555 1923 634 negligentior
1965 566 2125 617 esset

321 653 650 731 AEschylus
683 671 697 711 :
760 671 904 711 usus
963 654 1250 713 videlicet
1308 655 1496 714 nobili
1557 657 1817 732 quadam
1876 657 2122 728 incuria,

321 753 514 831 qualis
544 754 774 831 opt-ime
806 753 1021 811 deceat
1051 753 1294 823 milites,
1327 754 1710 831 periclitante
1739 756 1950 832 patria.

407 852 531 910 Sed
563 871 642 909 ne
673 872 965 930 vagemur
1003 853 1402 930 opinionibus,
1436 853 1801 932 AEschylum
1831 854 2124 913 militasse

321 958 454 1009 tum
501 969 711 1010 omnes
757 952 1119 1010 confirmant
1163 952 1452 1021 historiae,
1495 961 1630 1011 tum
1675 954 1956 1012 universa
1995 955 2124 1031 ejus

319 1051 604 1120 carmina,
649 1050 746 1109 vel
794 1052 1017 1110 cursim
1065 1051 1463 1121 intuentibus,
1510 1052 1790 1110 militiam
1835 1053 2126 1129 quodam-

317 1150 500 1207 modo
532 1150 792 1227 sapiunt.
884 1150 1116 1211 Videas
1147 1171 1268 1209 non
1300 1171 1434 1210 raro
1465 1151 1897 1221 exsultantem,
1927 1152 2124 1229 primo

318 1249 479 1325 quod
524 1249 654 1325 ipse
682 1248 1082 1309 Atheniensis
1118 1251 1212 1319 sit,
1246 1251 1465 1309 deinde
1496 1251 1658 1328 quod
1691 1251 1955 1310 Athenae
1992 1251 2126 1311 feli-

318 1350 471 1408 citer
536 1368 600 1407 se
654 1348 718 1406 in
778 1349 1095 1407 victoriam
1163 1356 1227 1407 et
1300 1350 1363 1407 in
1424 1349 1772 1407 libertatem
1835 1357 2122 1407 asserant.

318 1446 673 1525 Intelligitis
726 1466 826 1505 me
878 1447 994 1505 hoc
1046 1447 1181 1506 loco
1233 1448 1448 1507 Persas
1500 1449 1885 1525 potissimum
1938 1448 2124 1525 respi-

317 1566 489 1605 cere:
535 1565 675 1604 nam
711 1546 813 1618 (de
845 1546 1085 1605 caeteris
1117 1554 1389 1605 statuant
1421 1548 1567 1623 quid
1601 1547 1789 1605 velint
1820 1547 2121 1625 homines)

317 1645 422 1704 illa
452 1651 619 1703 certe
651 1643 873 1712 fabula,
905 1643 1090 1702 nullis
1121 1644 1492 1721 ambagibus,
1526 1643 1727 1721 palam
1757 1662 1878 1720 prae
1908 1662 1971 1702 se
2004 1645 2123 1702 fert

316 1746 587 1802 animum
635 1750 938 1801 arrectum
990 1743 1054 1800 in
1102 1742 1448 1819 reipublicae
1501 1752 1776 1819 tempora
1827 1750 2011 1819 atque
2057 1743 2122 1801 in

315 1842 609 1900 militares
646 1860 836 1899 curas,
926 1838 1105 1898 Adeo
1149 1847 1218 1898 ut
1263 1840 1339 1898 ad
1380 1839 1645 1898 historiae
1675 1839 2121 1917 supellectilem

316 1961 451 2000 eam
483 1960 787 2000 assumere
810 1941 1063 1998 minime
1086 1940 1455 1998 dubitaverit
1474 1941 1671 2017 judex
1696 1939 2120 2000 solertissimus

315 2041 619 2100 historicae
651 2041 937 2108 veritatis,
975 2040 1382 2098 Mitfordius‘l.

404 2140 635 2199 Videte
666 2159 808 2197 vero
840 2159 914 2196 an
948 2139 1162 2196 deceat
1194 2146 1550 2197 veteranum
1582 2139 1979 2218 interrogatio
2015 2139 2121 2198 illa

317 2239 714 2297 Choricorum
747 2258 961 2296 senum
974 2246 1012 2305 r,

677 2378 867 2435 πότερον
888 2377 1021 2433 τοξοῦ
1037 2376 1158 2436 ῥῦμα
1179 2378 1230 2422 τὸ
1252 2380 1395 2430 νικῶν,

678 2451 702 2509 ἢ
725 2453 983 2511 δορικράνου

677 2528 847 2586 λόγχης
867 2525 1001 2586 ἰ’σχυς
1022 2526 1306 2584 κεκράτηκεν;

315 2652 575 2710 Servant
622 2652 905 2711 videlicet
949 2651 1101 2709 illud
1147 2659 1467 2719 castrense,
1509 2659 1578 2709 ut
1625 2671 1703 2708 ex
1745 2649 2007 2708 telorum
2053 2656 2118 2707 et

314 2751 624 2828 praeliandi
677 2771 901 2830 genere
952 2753 1227 2810 nationes
1289 2752 1647 2828 designent:
1716 2756 1788 2806 ut
1847 2754 2117 2825 quaerant

314 2852 621 2919 curiosum,
670 2871 792 2909 non
841 2850 1034 2909 solum
1089 2858 1229 2909 uter
1287 2850 1608 2917 exercitUS,
1658 2867 1867 2906 verum
1930 2847 2116 2905 etiam

314 2957 451 3008 utra
495 2941 629 3027 plus
676 2951 931 3009 valuerit
977 2951 1243 3009 bellandi
1290 2949 1461 3007 ratio.
1554 2948 1735 3018 Quid,
1782 2947 1943 3024 quod
1991 2945 2118 3004 lau-

313 3049 527 3108 dantes
560 3049 730 3110 Darii
760 3058 1053 3128 tempora,
1085 3071 1119 3109 e
1150 3070 1215 3108 re
1243 3048 1491 3106 militari
1523 3053 1772 3106 sumunt
1803 3045 2115 3104 initiums?

674 3194 831 3249 πρῶτα
850 3188 931 3248 μὲν
952 3187 1183 3247 εὐδοκίμου
1206 3206 1388 3245 στρατι-

674 3266 726 3311 ᾶς
745 3263 1079 3323 ἅποφαινόμεθ,
1102 3263 1179 3321 ἥδε
1200 3261 1450 3320 νομίσματα

674 3336 866 3397 πύργινα
886 3336 1011 3383 πάντ’
1035 3336 1229 3382 εὔθυνον·

672 3412 826 3457 νοστοὶ
848 3410 885 3456 δ’
909 3411 955 3456 ἐκ
975 3411 1183 3470 πολέμων
1203 3409 1405 3463 ἀπόνους,
1427 3407 1625 3461 ἀπαθεῖς,
1648 3407 1697 3452 εὖ

673 3486 963 3543 πράσσοντας
983 3487 1091 3545 ἤγον
1112 3482 1272 3530 οἴκους.

310 3659 334 3690 (1
368 3650 479 3710 Cap.
502 3651 593 3696 viii.
619 3654 661 3709 §.
685 3666 728 3709 5.
851 3659 865 3679 s
885 3651 1060 3697 .AEsch.
1085 3651 1212 3695 Pers.
1242 3660 1342 3707 152.
1367 3647 1438 3693 ed.
1464 3646 1725 3692 Blomfield.
1839 3653 1853 3671 ³
1876 3645 1983 3690 Ver.
2006 3643 2112 3699 864.
