2320 4126
343 229 445 279 120
617 226 1006 296 Comparantur
1032 242 1146 276 cwm
1172 223 1376 276 Achille
1402 225 1577 276 coeteri
1602 224 1753 276 duces
1771 244 1787 275 .·
1829 241 1991 274 PRAEL.
2017 240 2130 273 vm.

338 372 582 449 quidem
631 372 752 429 suis
796 373 925 448 ipse
969 370 1249 427 manibus
1282 368 1508 426 Priami
1549 368 1748 426 rhedae
1783 369 2136 445 imposuisse

339 478 635 540 narratur,
702 470 871 528 velut
902 469 1277 546 ‘impietatis
1352 467 1605 543 alicujus
1668 487 1821 535 reus,
1885 467 2139 544 supplex

344 569 609 627 Patrocli
642 569 880 627 veniam
913 576 1043 625 orat
1058 564 1089 623 f.

581 691 639 750 μή
661 711 751 750 μοι,
774 693 1022 751 Πάτροκλε,
1047 690 1379 748 σκυδμαίνεμεν,
1402 689 1449 734 αἵ
1468 708 1514 734 κε
1534 688 1696 746 πύθηαι

584 767 647 811 εἶν
656 765 812 812 ’Ἄϊδός
832 784 915 823 περ
938 766 1034 817 ἔων,
1059 763 1126 809 ὅτι
1139 763 1333 822 ’Ἕκτορα
1355 764 1449 808 δῖον
1471 764 1619 808 ἔλυσα

581 839 714 898 πατρὶ
737 839 873 900 φίλῳ·
909 839 1003 883 ἐπεὶ
1026 841 1077 883 οὕ
1097 857 1171 896 μοι
1193 836 1337 881 ἀεικέα
1359 837 1495 881 δῶκεν
1515 836 1687 882 ἄποινα·

584 914 659 958 σοὶ
681 911 718 957 δ’
742 911 796 957 αὖ
818 913 904 971 ἐγὼ
927 912 997 956 καὶ
1018 911 1142 957 τῶνδ’
1166 911 1497 968 ἀποδάσσομαι,
1521 910 1627 956 ὅσσ’
1650 911 1857 957 ἐπέοικεν.

431 1058 535 1119 Ad
573 1079 909 1130 summam3
958 1059 1293 1138 interroget
1331 1058 1562 1135 aliquis,
1597 1059 1902 1129 Quorsum
1932 1059 1996 1116 hi
2026 1059 2146 1116 duo

344 1159 522 1218 libri?
578 1160 906 1218 concedam
957 1160 1229 1229 fortasse,
1265 1159 1670 1235 importunius
1716 1178 1819 1216 eos
1858 1159 2052 1236 adjici,
2098 1159 2147 1217 si

342 1277 438 1317 res
490 1260 565 1317 ad
609 1259 875 1317 historiae
925 1259 1240 1318 modulum
1295 1260 1594 1337 exigatur.
1685 1259 1852 1316 Nam
1901 1258 2150 1316 historia

348 1364 619 1416 versatur
670 1359 734 1415 in
787 1359 939 1417 serie
994 1378 1351 1427 causarum;
1427 1378 1546 1434 qua
1606 1357 1792 1416 semel
1854 1356 2147 1425 absoluta,

347 1455 680 1531 (debellato
756 1459 919 1515 enim
990 1459 1263 1516 Hectore
1333 1458 1613 1515 novimus
1672 1457 1912 1534 Trojam
1982 1457 2151 1515 brevi

349 1557 724 1633 perituram,)
801 1562 1020 1613 caetera
1092 1557 1338 1633 adjungi
1412 1555 1564 1612 nihil
1638 1556 1943 1613 attinebit.
2043 1553 2152 1613 Sin

350 1656 535 1713 fuerit
587 1674 659 1713 ea
710 1674 883 1713 mens
931 1654 1187 1713 Summo
1235 1654 1461 1725 Poetae,
1507 1662 1577 1712 ut
1631 1674 1725 1713 res
1771 1654 1987 1713 Iliacas
2030 1673 2152 1711 non

349 1754 532 1811 modo
609 1773 845 1813 eversas
919 1763 1206 1824 narraret,
1286 1775 1496 1812 verum
1572 1756 1757 1813 etiam
1831 1773 1939 1831 per
2011 1772 2154 1811 eum

349 1871 602 1922 eversas,
645 1854 750 1930 qui
796 1859 957 1912 esset
1006 1853 1269 1913 heroicae
1318 1855 1561 1912 virtutis
1610 1853 1957 1931 exemplar3
2018 1873 2155 1930 pro-

352 1953 514 2010 fecto
563 1973 641 2011 ex
681 1952 774 2010 his
816 1954 1177 2029 paucissima
1220 1953 1508 2022 invenieS‚
1540 1973 1673 2030 quae
1706 1953 1933 2030 absque
1974 1953 2157 2010 detri-

350 2059 560 2109 mento
591 2052 903 2128 potuerint
935 2052 1156 2118 omitti.

439 2250 706 2319 Videtis,
752 2249 1131 2321 Academici,
1183 2252 1696 2329 quemadmodum
1738 2250 1974 2330 Tragici
2023 2271 2159 2310 suas

354 2349 589 2416 fabulas
626 2351 1085 2408 accommodare
1127 2351 1324 2409 solent
1365 2352 1440 2409 ad
1478 2351 1799 2409 histriones
1829 2352 2157 2428 primarum

353 2449 658 2525 partium,
698 2449 785 2507 ita
846 2449 1241 2508 Homericam
1312 2450 1480 2526 quasi
1551 2449 1820 2507 fabulam
1889 2449 2159 2507 studiose

355 2544 432 2604 ad
483 2547 796 2606 Achillem
855 2549 1316 2606 accommodari.
1437 2548 1554 2606 His
1613 2549 1780 2625 quasi
1844 2547 2159 2606 cumulum

354 2646 578 2704 addere
619 2647 817 2716 liceat,
851 2649 1054 2706 omnia
1089 2649 1153 2705 in
1190 2668 1262 2706 eo
1300 2648 1552 2706 clariora
1582 2648 1727 2717 fieri,
1760 2649 1806 2706 si
1846 2667 1987 2705 eum
2019 2666 2160 2705 cum

357 2745 490 2804 aliis
521 2746 920 2806 bellatoribus
957 2748 1248 2806 conferas
1339 2748 1495 2818 Cum
1540 2749 1703 2806 enim
1747 2753 1842 2805 tot
1886 2747 2165 2823 tantique

357 2844 652 2915 homines,
707 2854 834 2904 tam
892 2848 1053 2904 inter
1112 2867 1175 2905 se
1236 2847 1571 2914 dissimiles„
1627 2848 1990 2905 decorentur
2039 2846 2162 2904 suis

358 2945 610 3021 quisque
635 2944 931 3015 laudibus,
957 2946 1246 3004 divinitus
1270 2947 1716 3023 quodammodo
1741 2952 1834 3003 est
1857 2945 2161 3012 effectum,

358 3049 430 3099 ut
474 3062 597 3100 non
643 3042 839 3100 solum
890 3045 1199 3102 Homerus
1252 3046 1328 3103 de
1381 3045 1739 3103 fortitudine
1782 3043 2001 3102 melius
2046 3044 2164 3102 dis-

361 3159 558 3198 serere
589 3141 869 3198 videatur
898 3161 1080 3217 quam
1112 3162 1322 3200 omnes
1353 3143 1714 3219 philosophi,
1734 3162 1945 3200 verum
1977 3143 2161 3200 etiam

361 3241 639 3317 princeps
687 3239 962 3298 Achilles
1031 3260 1108 3298 ex
1176 3244 1365 3318 tacita
1424 3248 1780 3300 caeterorum
1840 3241 2163 3299 collatione

363 3337 556 3412 major
587 3337 825 3394 evadat.

449 3434 548 3493 Ac
580 3436 656 3492 de
692 3435 963 3493 Hectore
994 3436 1242 3512 quidem
1274 3436 1575 3495 diximus:
1620 3436 1723 3513 qui
1754 3436 1900 3494 licet
1919 3434 2165 3494 Achille

362 3532 544 3610 longe
618 3534 696 3591 sit
762 3533 1098 3601 amabilior,
1163 3554 1546 3611 nequaquam
1614 3542 1820 3593 tamen
1890 3536 1967 3592 ad
2036 3537 2165 3612 ejus

365 3632 751 3707 majestatem
812 3634 1068 3691 accedit.
1192 3632 1414 3709 Neque
1474 3634 1637 3692 enim
1706 3633 1819 3693 Dis
1885 3634 2164 3712 genitum

1075 3755 1093 3786 f
1124 3756 1178 3800 11.
1201 3757 1322 3802 xxiv.
1343 3769 1454 3816 592.
