2320 4126
351 202 424 252 28
635 198 777 263 Quid
799 199 856 248 in
878 197 1102 249 Pictura
1128 202 1255 247 recte
1279 194 1531 247 habeatur
1553 194 1815 246 Poeticum
1832 215 1848 246 .·
1890 213 2051 246 PRAEL.
2075 214 2151 246 111.

351 343 602 418 quisque
633 341 775 409 ritu,
798 339 1050 396 adorant
1079 338 1220 394 hinc
1247 336 1557 405 Pontifex,
1582 336 1750 395 illinc
1773 338 2010 414 puella;
2052 339 2152 397 hic

351 439 569 507 senilis,
611 438 716 496 illa
761 437 1048 514 virgineae
1102 435 1442 492 sanctitatis
1482 435 1922 505 suavissimum,
1974 438 2156 495 mista

348 537 666 614 gravitate,
722 533 1048 610 exemplar.
1164 533 1249 590 In
1298 532 1700 591 medioalati
1763 534 1883 591 duo
1944 536 2153 611 pueri3

351 653 500 709 quos
544 633 797 690 mirifice
845 652 966 708 prae
1011 651 1075 690 se
1113 631 1267 689 ferre
1317 631 1624 689 tenellulae
1670 633 1982 708 cujusdam
2030 634 2157 709 pie-

350 731 495 786 tatis
535 729 802 786 indolem
841 748 1023 786 nemo
1053 747 1175 786 non
1207 729 1407 787 videt:
1454 730 1614 805 ipsos
1646 730 1892 805 quidem
1934 730 2156 787 aversis

349 845 384 883 a
416 826 675 903 Virgine
707 825 916 894 oculis,
949 827 1054 883 sed
1084 827 1187 894 ita,
1219 833 1290 882 ut
1329 832 1507 902 gestu
1538 826 1835 901 vultuque
1865 826 2156 895 indicent,

349 929 646 998 praesente
672 921 827 990 De0,
855 941 1095 980 securos
1127 942 1191 980 se
1223 923 1462 1000 degere.
1546 923 1710 992 Quid
1741 923 1979 982 multa?
2024 943 2158 1001 gra-

349 1020 605 1076 vissimis
642 1019 959 1076 sententiis
1001 1019 1270 1076 abundat
1312 1038 1688 1095 unaquaeque
1731 1020 1860 1095 ejus
1899 1021 2155 1097 picturae

348 1137 500 1194 pars,
542 1119 792 1194 ipsoque
845 1124 1095 1194 aspectu
1141 1119 1358 1175 docere
1407 1118 1650 1175 videtur
1693 1118 1989 1188 homineS,
2037 1139 2156 1196 qua

348 1223 557 1274 mente
589 1216 795 1273 divina
823 1216 953 1272 fieri
987 1223 1282 1292 oporteat.

436 1314 776 1374 Veniamus
821 1314 897 1371 ad
951 1315 1352 1371 recentiorem
1397 1313 1605 1372 illum:
1664 1314 1725 1371 in
1769 1334 1888 1390 quo
1932 1314 1995 1371 id
2041 1315 2160 1390 pri-

349 1432 518 1471 mum
560 1411 819 1470 moleste
857 1413 1194 1481 ferendum,
1227 1413 1387 1488 quod
1429 1412 1479 1470 is
1520 1412 1583 1468 in
1625 1412 2005 1470 sanctissima
2045 1412 2158 1470 hac

349 1512 604 1569 materia
633 1511 931 1569 infelicior
962 1511 1239 1568 extiterit
1270 1530 1452 1586 quam
1496 1511 1559 1567 in
1601 1510 1856 1568 caeteriS.
1948 1509 2159 1588 Negat

351 1616 565 1668 auctor
594 1611 738 1668 satis
768 1611 1038 1678 idoneus,
1072 1609 1510 1668 Britannorum
1555 1610 1617 1666 in
1663 1615 1795 1666 arte
1841 1628 1949 1667 sua
1981 1608 2159 1666 facile

350 1710 646 1785 princepS,
679 1710 836 1766 bene
878 1729 1145 1785 unquam
1183 1710 1432 1766 cessisse
1462 1709 1606 1765 huic
1646 1709 1864 1784 pictori
1907 1709 1969 1765 in
2005 1708 2159 1766 Filio

352 1807 469 1865 Dei
522 1808 958 1875 adumbrandO,
1005 1809 1117 1865 nisi
1167 1809 1213 1865 si
1262 1808 1502 1883 quando
1548 1814 1860 1864 mortuum
1907 1808 2162 1884 depinx-

351 1904 521 1965 eritb.
614 1907 821 1965 Etiam
874 1908 938 1963 in
990 1907 1095 1965 illo
1146 1907 1277 1983 ipso
1329 1926 1571 1984 genere,
1622 1907 1785 1982 quod
1836 1906 2161 1983 opusejus

352 2005 905 2082 splendidissimum
945 2012 1117 2062 extat
1163 2024 1232 2062 ac
1277 2005 1680 2072 notissimum,
1712 2005 1772 2061 id
1806 2023 1946 2061 eum
1990 2006 2162 2062 aiunt

351 2123 573 2181 magna
603 2123 680 2161 ex
711 2111 883 2180 parte
915 2103 991 2160 ab
1023 2102 1182 2160 Italo
1215 2102 1476 2178 quodam
1507 2109 1724 2160 mutuo
1765 2104 2159 2179 sumpsisse0;

353 2201 695 2259 CHRISTUM
744 2203 879 2259 dico
926 2202 1001 2258 de
1048 2201 1243 2258 Cruce
1291 2201 1656 2258 demissum:
1712 2208 1783 2258 ut
1830 2201 1931 2258 vix
1973 2222 2155 2259 unam

353 2300 614 2376 aliquam
649 2301 725 2357 de
770 2299 1042 2376 pluribus
1084 2301 1212 2376 ejus
1252 2298 1476 2357 tabulis
1516 2300 1804 2368 invenias,
1838 2319 1971 2376 quae
2017 2320 2159 2357 cum

355 2400 632 2457 Romana
666 2400 782 2457 ista
823 2399 966 2456 satis
1000 2400 1180 2476 digne
1212 2399 1540 2474 comparari
1576 2399 1780 2474 possit.
1875 2399 2159 2457 Fortasse

353 2498 539 2574 igitur
597 2497 814 2555 melius
874 2498 1006 2564 erit,
1054 2498 1129 2554 ad
1184 2516 1323 2554 eum
1379 2516 1560 2572 quem
1617 2497 1882 2555 diximus
1934 2499 2157 2556 iterum

354 2616 697 2672 provocare,
737 2591 1080 2662 candidum,
1123 2595 1172 2652 si
1213 2595 1345 2670 quis
1398 2593 1568 2663 alius,
1622 2595 1961 2671 mitemque
1995 2597 2161 2672 judi-

354 2689 484 2751 cem
509 2715 520 2752 :
568 2695 671 2769 qui
704 2693 928 2750 multas
958 2712 1328 2770 magnasque
1359 2692 1628 2769 praec-lari
1657 2693 1919 2750 hominis
1951 2693 2160 2752 laudes

352 2791 464 2849 hac
511 2793 759 2849 tandem
806 2810 1058 2848 censura
1105 2791 1413 2848 cumulat:
1472 2787 1779 2858 “EOruin,
1826 2811 1977 2866 quos
2030 2793 2162 2868 pin-

353 2885 540 2965 geret,
578 2909 775 2945 mores
825 2896 1006 2964 atque
1058 2890 1301 2966 ingenia
1352 2889 1522 2946 nullo
1567 2909 1835 2964 unquam
1884 2897 2159 2967 tempore

351 2984 571 3061 poetice
617 2985 727 3041 sibi
778 2986 957 3041 intus·
993 2985 1282 3062 fingebat.
1375 2986 1474 3042 Ita
1525 2985 1699 3042 nobis
1752 2984 1926 3042 effert
1974 2986 2157 3055 DeOS,

357 3081 612 3157 Deoque
666 3072 1009 3158 prognatos,
1055 3090 1124 3138 ut
1173 3082 1324 3138 nihil
1375 3083 1786 3158 expectationi
1841 3082 2158 3140 hominum

355 3181 731 3255 respondeat,
774 3179 925 3235 nihil
973 3179 1133 3236 ultra
1176 3180 1528 3236 mortalium
1570 3179 1821 3236 modum
1867 3188 2158 3258 assurgat,

356 3277 462 3333 sed
506 3295 733 3333 meram
796 3278 999 3334 omnia
1050 3277 1493 3334 humanitatem
1559 3297 1766 3353 sapere
1821 3279 2157 3346 videantur,

357 3373 656 3432 trivialem
680 3374 864 3442 illam,
892 3377 1321 3452 communique
1351 3382 1496 3433 nota
1528 3376 1824 3453 signatam
1836 3372 1918 3433 ‘³3’
1967 3377 2159 3443 Idem,

679 3516 704 3546 b
729 3517 974 3575 Reynolds,
995 3519 1086 3577 Op.
1109 3526 1142 3563 t.
1166 3519 1210 3563 ii.
1229 3535 1273 3576 p.
1295 3533 1397 3574 214.
1464 3518 1661 3563 Londin.
1698 3519 1828 3574 1824.

681 3595 702 3619 c
726 3589 843 3634 Ibid.
868 3606 913 3648 p.
938 3602 1040 3650 207.
1441 3591 1464 3622 ‘1
1489 3592 1607 3635 Ibid.
1631 3607 1676 3650 p.
1701 3606 1806 3649 300.
