2320 4126
390 246 463 297 84
751 241 984 295 Iliadem
1010 257 1170 292 unam
1195 257 1310 303 esse,
1338 256 1397 290 ex
1421 238 1541 309 ipsa
1555 235 1834 307 probatur.
1937 255 2098 289 PRAEL.
2121 256 2192 288 VI.

392 390 592 464 tisque
638 387 1048 464 colligendum
1089 385 1262 453 foret,
1296 404 1477 459 quam
1522 383 1640 440 ista
1681 383 1757 439 de
1788 382 2015 452 Iliade;
2061 390 2195 441 tum

393 506 578 544 unam
611 505 746 543 eam
778 504 926 552 esse,
959 491 1092 541 tum
1125 483 1200 540 ab
1233 502 1353 538 uno
1385 481 1719 558 profectam
1757 489 2022 539 auctore.

484 585 662 654 Quod
696 584 957 660 primum
992 581 1258 639 declarat
1297 580 1483 656 ipsius
1525 579 1788 656 partium
1830 580 2197 638 admirabilis

395 685 670 760 quaedam
719 683 1012 758 junctura
1063 686 1127 737 et
1187 679 1406 736 series:
1473 679 1548 736 de
1610 698 1729 754 qua
1788 680 2198 737 severissimus

390 784 455 840 in
502 802 573 839 eo
622 799 844 858 genere
886 797 1113 846 censor,
1148 776 1508 844 Συνέστηκεν,
1547 777 1763 852 inquit,
1806 778 1872 839 ὡς
1917 775 2196 856 ἐνδέχεται

393 877 628 959 ἄριστα,
664 877 753 935 καὶ
797 875 889 935 ὅτι
924 874 1189 944 μάλιστα
1230 877 1361 942 μιᾶς
1410 872 1661 954 πραξέως
1707 874 1935 943 μίμησίς
1981 876 2136 932 ἐστιν
2155 883 2198 931 ³.

395 975 493 1034 Ac
547 995 784 1051 nequeo
838 975 983 1032 satis
1034 973 1256 1040 mirari,
1303 992 1562 1048 quanam
1617 973 1729 1030 sibi
1783 973 1915 1048 quis
1968 973 2202 1029 ratione

393 1074 775 1152 persuaserit,
823 1073 985 1148 quod
1038 1071 1114 1129 ab
1164 1069 1503 1128 Aristotele
1557 1078 1619 1128 et
1674 1070 1934 1128 Horatio
1987 1090 2203 1147 propo-

393 1174 580 1231 situm
633 1173 711 1230 sit
765 1171 1063 1237 omnibus,
1106 1168 1353 1227 Ordinis
1404 1169 1754 1246 Exemplar,
1804 1169 1955 1227 illud
2003 1171 2200 1246 ipsum

394 1291 639 1331 carmen
700 1277 807 1328 aut
867 1289 1009 1327 casu
1070 1268 1340 1344 potuisse
1400 1268 1634 1335 confici,
1684 1275 1790 1326 aut
1836 1267 2203 1344 Amphionis

394 1371 648 1447 alicujus
722 1375 869 1436 arte,
942 1367 1210 1443 dispersa
1284 1366 1453 1442 quasi
1527 1367 1803 1425 membra
1875 1368 1938 1424 in
2012 1386 2201 1423 unum

398 1470 691 1548 cogentis,
1692 1545 1694 1547 ι

484 1567 837 1637 Quinetiam
899 1572 1033 1623 toto
1095 1585 1297 1643 opere,
1352 1585 1493 1623 cum
1552 1566 1705 1623 nihil
1765 1567 1889 1624 fere
1951 1585 2072 1622 non
2127 1565 2204 1622 sit

395 1673 720 1733 moratum,
777 1649 1027 1742 singulis
1082 1665 1386 1722 actoribus
1447 1666 1536 1722 sui
1600 1685 1800 1723 mores
1859 1684 1999 1723 cum
2053 1684 2206 1740 prae-

396 1765 557 1824 clara
616 1765 877 1840 quadam
946 1762 1357 1839 aequabilitate
1425 1771 1776 1821 servantur:
1852 1771 1924 1821 ut
1998 1762 2206 1839 quales

395 1865 457 1921 in
514 1864 707 1941 prima
767 1862 1089 1938 rhapsodia
1140 1862 1367 1919 fuerint
1415 1860 1709 1931 Achilles,
1758 1861 2204 1941 Agamemnon,

399 1964 647 2031 Nestor,
714 1962 1059 2037 caeterique',
1123 1959 1277 2017 tales
1350 1961 1412 2016 in
1487 1967 1764 2018 extrema
1828 1961 2007 2037 plane
2082 1982 2208 2020 ma-

398 2069 602 2120 neant.
723 2060 798 2117 Id
869 2061 1028 2135 quod
1094 2045 1503 2116 imitatoribus
1571 2059 1995 2118 difficillimum
2059 2062 2207 2130 fore,

399 2161 497 2219 vel
549 2181 626 2218 ex
679 2180 750 2217 eo
793 2160 939 2216 satis
987 2165 1257 2234 apparet,
1304 2160 1465 2234 quod
1515 2159 1796 2217 omnibus
1840 2159 2048 2218 Poetis
2093 2181 2206 2219 usu

381 2260 587 2328 ·venit,
619 2259 860 2335 quando
902 2258 1145 2322 famam,
1173 2258 1342 2332 sequi
1383 2257 1614 2326 volunt,
1658 2266 1720 2315 et
1766 2259 1879 2316 sibi
1925 2263 2242 2335 personas*

401 2378 481 2416 ex
539 2358 792 2415 historia
850 2356 1073 2433 legere.
1189 2354 1521 2413 Neminem
1581 2357 1869 2425 invenies,
1924 2359 2026 2433 qui
2086 2377 2208 2415 non

400 2455 564 2513 ultro
625 2455 935 2513 communi
997 2452 1358 2530 exemplari·
1391 2474 1529 2512 suos
1588 2455 1898 2513 induxerit
1959 2456 2209 2514 coloreS.

404 2554 552 2612 Non
601 2574 722 2612 uno
775 2554 957 2610 modo
1016 2552 1325 2610 Electram
1362 2554 1682 2631 AEschylus
1735 2562 1798 2612 et
1860 2555 2211 2632 SophocleS,

404 2673 525 2710 non
563 2673 685 2709 uno
731 2651 1022 2708 Medeam
1067 2651 1388 2728 Euripides
1430 2658 1493 2709 et
1528 2651 1803 2722 Ovidius,
1842 2673 2211 2731 expressere.

405 2750 544 2819 Quo
603 2750 797 2827 magis
857 2749 1213 2806 incredibile
1277 2750 1374 2818 sit,
1434 2751 1821 2827 imperfectae,
1883 2772 2062 2828 quam
2122 2751 2211 2808 illi

403 2849 797 2919 somniantur,
875 2846 1136 2906 Achillis
1218 2849 1468 2926 imagini
1541 2870 1791 2907 manum
1867 2869 2211 2926 quenquam

406 2948 768 3015 adhibuisse,
817 2967 889 3004 eo
936 2948 1209 3015 artificiO,
1255 2955 1326 3004 ut
1379 2948 1530 3005 nulli
1584 2950 1976 3007 commissura
2020 2949 2214 3026 pellu-

408 3052 578 3114 ceat;
633 3052 702 3101 ut
751 3046 954 3102 omnia
1005 3046 1248 3121 penitus
1295 3053 1357 3102 et
1411 3047 1544 3116 sibi,
1600 3054 1662 3104 et
1713 3048 1899 3104 divini
1950 3048 2212 3105 hominis

410 3141 896 3219 splendidissimo
963 3148 1331 3211 commento,
1392 3150 1667 3201 constare
1727 3151 1790 3201 et
1849 3146 2212 3221 respondere

410 3243 746 3299 videantur.
835 3239 1314 3316 Accedit'quod
1369 3240 1695 3310 Achillem,
1750 3244 1956 3300 dedita
2014 3262 2210 3319 opera,

407 3341 487 3409 *ad
528 3339 747 3396 ultima
794 3339 898 3396 illa
945 3339 1233 3396 reservari
1276 3339 1583 3397 videmus:
1631 3361 1762 3416 quae
1805 3342 1907 3416 qui
1939 3341 2213 3399 Homero

410 3436 800 3512 abjudicavit,
861 3436 927 3503 is,
982 3436 1182 3506 credo,
1241 3434 1404 3492 haud
1464 3436 1723 3494 absimili
1784 3440 2038 3507 ratione,
2093 3458 2212 3496 non

413 3553 666 3593 vernum
727 3540 989 3610 tempus,
1051 3532 1146 3607 (ut
1206 3532 1311 3589 ille
1371 3535 1531 3610 apud
1592 3535 2054 3612 Thucydidem,)
2109 3535 2212 3593 sed

1043 3663 1060 3683 ³
1086 3657 1225 3701 Arist.
1252 3657 1377 3702 Poet.
1402 3673 1441 3702 e.
1464 3658 1587 3702 xlvii.
