2320 4126
134 292 288 324 PRAEL.
311 291 361 322 x.
459 271 724 323 Homerica
751 271 908 322 vitm
931 268 1018 321 sub
1043 270 1127 322 ὠὶο
1153 269 1404 339 clyentibus
1429 279 1567 338 apta.
1771 270 1875 322 163

132 416 180 472 is
209 433 333 471 esse
364 412 613 478 videtur,
645 409 1012 478 Academici,
1044 412 1142 485 qui
1175 411 1381 467 deceat
1421 410 1722 466 hominem
1755 428 1874 467 non

133 509 504 568 umbratilem
544 508 645 564 sed
676 506 918 583 pulvere
942 506 1193 563 oblitum
1225 506 1521 572 castrensi,
1547 506 1874 581 mediisque

134 607 413 663 eductum
465 604 760 661 laboribus
809 610 870 659 et
917 602 1223 678 periculis3
1277 603 1532 658 directus
1575 601 1692 668 ille,
1738 604 1875 658 sim-

134 702 288 778 plex,
341 700 692 757 inurbanus:
761 699 906 755 nihil
955 719 1213 774 unquam
1265 699 1502 773 propius
1551 698 1742 754 abfuit
1799 698 1874 754 ab

129 799 229 855 illa
266 796 542 873 singulari
586 795 938 853 Sanctorum
978 795 1208 854 Vatum
1245 795 1436 861 laude,
1478 794 1567 852 Ut
1610 813 1686 851 ne
1731 795 1870 869 quid

129 894 249 951 ullo
292 911 546 967 unquam
593 899 860 966 tempore
904 892 1035 966 plus
1075 893 1343 948 minusve
1388 892 1544 948 dicat
1591 891 1872 966 Scriptor‚

130 1008 303 1066 quam
334 1008 464 1064 quae
495 989 619 1062 ipse
650 987 764 1044 dici
799 986 958 1044 velit.

211 1085 368 1154 Quid
419 1091 619 1141 autem
671 1103 781 1161 ego
829 1098 931 1141 vos
977 1084 1348 1150 admoneam,
1399 1103 1517 1140 non
1565 1103 1696 1141 eam
1748 1103 1874 1141 esse

129 1182 467 1239 hodiernam
528 1199 780 1247 causam,
839 1181 913 1236 de
971 1197 1087 1253 qua
1143 1179 1294 1235 bene
1349 1180 1581 1253 judicet
1646 1179 1874 1254 aliquis,

130 1277 387 1335 versibus
415 1276 551 1333 hinc
581 1276 743 1333 illinc
775 1275 1177 1351 depromptis?
1226 1294 1396 1350 posse
1426 1295 1555 1332 eam
1590 1276 1873 1333 declarari

128 1373 428 1448 exemplis,
488 1372 662 1448 plane
722 1372 1087 1447 comprobari
1147 1391 1266 1428 non
1323 1372 1534 1447 posse?
1622 1371 1880 1429 Assidua

128 1468 379 1526 lectione
408 1469 692 1525 tentanda
721 1476 812 1526 est
841 1469 967 1543 ipsa
995 1467 1150 1534 Ilias,
1183 1475 1245 1524 et
1277 1469 1632 1525 conferenda
1660 1470 1874 1543 partim

129 1584 263 1622 011111
306 1566 670 1622 sermonibus
714 1565 1050 1641 agrestium,
1095 1564 1458 1632 militarium,
1504 1565 1874 1640 plebeiorum

128 1661 447 1729 hominum,
501 1663 715 1737 partim
773 1682 908 1719 cum
972 1662 1164 1720 Libris
1224 1662 1658 1720 Sacrosanctisz
1728 1682 1877 1738 prae-

128 1759 329 1815 sertim
380 1761 423 1815 si
478 1778 612 1834 quae
662 1760 850 1834 primo
900 1759 1234 1835 legentibus
1281 1768 1385 1817 aut
1436 1761 1639 1835 inepta
1681 1760 1876 1817 forsan

129 1860 444 1929 appareant
474 1862 577 1911 aut
608 1855 981 1912 subobscura.

214 1949 369 2006 Mihi
401 1951 639 2025 quidem
682 1952 1186 2025 persuasissimum
1232 1958 1340 2018 est,
1381 1953 1482 2026 qui
1523 1969 1693 2008 nosse
1731 1951 1876 2007 velit

132 2043 459 2102 Homerum
513 2047 724 2103 “intus
768 2054 830 2104 et
873 2048 933 2103 in
978 2047 1165 2114 cute,”
1211 2047 1380 2104 illum
1420 2067 1539 2104 non
1583 2047 1701 2104 alio
1734 2047 1876 2104 ludo

131 2140 342 2198 debere
400 2142 631 2210 erudiri,
690 2150 868 2218 atque
939 2162 1026 2211 eo,
1087 2163 1264 2219 quem
1338 2163 1443 2202 suo
1515 2144 1875 2202 adolescenti

130 2238 504 2295 commendat
534 2237 819 2295 Horatius
842 2260 854 2294 ε

479 2376 734 2434 Angustam
754 2378 894 2422 amice
906 2380 1157 2436 pauperiem
1180 2379 1271 2436 pati

481 2448 712 2493 Robustus
735 2450 829 2493 acri
848 2451 1008 2494 militia
1027 2466 1137 2508 puer

656 2521 898 2566 Condiscat
904 2555 1176 2567 ..........

480 2592 717 2652 Vitamque
736 2595 814 2637 sub
830 2594 901 2637 dio
923 2601 966 2638 et
987 2594 1169 2651 trepidis
1189 2601 1291 2651 agat

484 2664 537 2708 In
558 2666 706 2709 rebus.

214 2798 512 2874 Equidem
555 2801 702 2858 illud
744 2803 937 2878 ipsum
976 2804 1037 2859 in
1081 2821 1255 2860 causa
1298 2820 1424 2860 esse
1468 2805 1732 2879 conjicio,
1770 2826 1874 2863 cur

132 2912 345 2971 magna
387 2915 517 2970 pars
560 2897 884 2964 hominum,
928 2899 1049 2954 imo
1095 2899 1275 2955 etiam
1319 2917 1652 2973 puerorum,
1698 2901 1874 2959 alieni

132 3009 267 3046 cum
309 2992 425 3048 sint
464 2991 538 3048 ab
576 2992 667 3048 his
711 2993 933 3060 studiis,
965 3012 1027 3050 se
1058 3000 1260 3050 tamen
1291 2993 1557 3051 Homero
1594 2997 1873 3054 delectari

133 3084 403 3143 lubentes
446 3087 756 3144 fateantur.
847 3088 1081 3164 Quippe
1128 3090 1228 3165 qui
1277 3091 1460 3147 vitam
1513 3099 1544 3122 ‘⁶
1570 3093 1678 3149 sub
1727 3094 1875 3160 di0‚”

133 3181 284 3237 sicut
322 3181 423 3237 ille
464 3181 842 3252 Horatianus,
873 3191 1132 3261 agentes,
1164 3205 1299 3242 cum
1331 3186 1710 3260 jucunditate
1740 3207 1881 3262 qua-

135 3273 268 3330 dam
311 3275 597 3332 mirentur
625 3283 748 3334 tam
780 3299 916 3337 vere
958 3281 1172 3337 narrari
1221 3282 1434 3336 omnia.
1525 3281 1765 3338 Etenim
1811 3284 1870 3339 in

134 3368 223 3425 his
278 3389 509 3445 quoque
565 3374 739 3431 rebus
797 3383 1061 3452 “magna
1119 3388 1210 3433 est
1269 3376 1559 3443 VERITAs,
1612 3384 1674 3433 et
1733 3397 1876 3452 prae-

119 3464 402 3544 ⁴valebit.”
506 3467 819 3536 Mirantur,
879 3473 1138 3545 inquam,
1198 3471 1292 3528 vel
1360 3471 1628 3528 rudiores·
1682 3472 1878 3529 litera-

138 3577 282 3626 rum,
326 3560 569 3618 Poetam
610 3565 757 3621 adeo
805 3574 1066 3622 veterem
1114 3585 1249 3623 cum
1295 3567 1364 3622 iis
1404 3584 1537 3639 quae
1581 3567 1689 3640 ipsi
1735 3587 1875 3640 quo-

966 3678 1014 3716 M
1047 3681 1080 3716 2
