2320 4126
173 301 327 335 PRAEL.
358 300 429 335 lv.
508 282 787 354 Prophetas
812 291 1048 336 commota
1072 292 1227 335 mente
1253 280 1441 335 dedisse
1466 280 1691 334 oracula.
1863 283 1931 337 49

161 420 424 495 judicio;
489 439 680 495 neque
732 421 890 476 enim
943 420 1297 494 conjecturis
1348 421 1597 478 nimium
1648 423 1925 489 tribuere,

167 517 487 592 praesertim
529 517 588 572 in
629 536 691 573 re
731 524 1113 582 sacrosancta,
1149 515 1455 584 volumus3
1501 538 1693 593 neque
1728 519 1926 575 locum.

165 613 334 669 illum
365 613 604 669 omnino
634 613 1107 688 praetermittere,
1140 613 1240 686 qui
1285 612 1447 670 locus
1491 614 1563 670 ad
1595 616 1923 672 bonitatem

168 707 277 764 Dei
311 709 479 764 nobis
502 708 741 782 quidem
773 709 1009 784 egregie
1033 708 1269 764 videtur
1297 710 1613 783 pertinere.
1682 710 1924 767 Etenim

164 825 295 879 quae
353 805 531 860 fuerit
583 803 684 860 illa
737 803 1124 880 Benignitas!
1205 825 1383 879 quam
1435 806 1667 882 ampla!
1747 827 1921 882 quam

164 899 484 976 profunda!
530 919 708 974 quam
745 900 902 957 ultra
939 900 1278 957 mortalium
1321 903 1560 959 modum
1605 903 1790 960 elata!
1836 913 1923 973 ut,

162 1017 277 1071 qua
306 996 561 1053 formula
591 1016 720 1053 reos
751 996 953 1053 Judex
985 998 1309 1064 damnaret,
1342 999 1549 1054 eadem
1580 1019 1699 1055 non
1730 1001 1920 1057 solum

164 1092 375 1148 futurae
427 1092 631 1148 salutis
690 1111 855 1167 spem
907 1094 1261 1160 ostenderet,
1316 1113 1520 1151 verum
1578 1098 1920 1172 ingruentes

162 1190 341 1246 etiam
382 1188 566 1265 plagae
611 1208 728 1263 qua
774 1196 1012 1263 possent
1057 1196 1184 1246 arte
1230 1191 1495 1260 mulceri,
1545 1194 1726 1249 tacite
1779 1214 1922 1268 quo-

163 1285 479 1342 dammodo
510 1285 797 1341 indicaret
827 1284 1182 1341 hominibus

239 1379 358 1436 Sed
412 1379 646 1436 valeant
693 1399 762 1437 ea
812 1387 1102 1454 quantum
1149 1380 1342 1437 valere
1388 1389 1687 1456 poterunt.
1776 1384 1913 1440 Jam

161 1477 289 1551 quis
332 1496 451 1533 non
482 1478 665 1544 videt,
694 1477 929 1534 Noachi
970 1477 1158 1534 filium
1200 1458 1562 1536 exsecrantis
1593 1477 1919 1554 querelami

164 1575 344 1649 (quod
375 1576 710 1650 proximum
752 1595 786 1632 a
818 1575 1119 1631 Lamecho
1159 1576 1459 1650 specimen
1488 1576 1774 1633 habemus
1806 1579 1919 1651 pri-

158 1689 354 1726 maevae
387 1670 666 1746 Poeseos)
700 1689 733 1726 e
774 1679 1074 1727 commota
1110 1678 1313 1728 mente
1353 1672 1684 1745 proficisci?
1775 1673 1916 1729 Non

161 1766 337 1832 enim,
369 1767 561 1833 cred0,
595 1765 774 1822 Pater
802 1766 903 1822 ille
933 1767 1157 1834 ardenS,
1190 1767 1467 1841 quoniam
1498 1775 1566 1823 ut
1596 1775 1761 1824 vates
1792 1789 1918 1825 ora—

161 1860 294 1918 cula
323 1862 626 1925 fundebat,
658 1861 792 1918 ideo
833 1862 980 1917 nihil
1022 1863 1096 1919 de
1138 1881 1242 1918 suo
1284 1862 1651 1936 loquebatur.
1740 1862 1915 1922 Adeo

162 1954 456 2032 Magister
509 1957 651 2032 Opt.
708 1956 875 2013 Max.
928 1957 1236 2013 hominum
1296 1957 1719 2026 voluntatibus,
1774 1959 1916 2015 Pro-

157 2051 471 2125 phetarum
507 2072 758 2127 quoque,
800 2072 935 2109 cum
978 2054 1238 2109 maxime
1279 2061 1457 2109 oestro
1498 2053 1914 2121 laborantium,

156 2165 388 2223 semper
422 2148 544 2205 fere
582 2150 942 2223 parcendum
979 2149 1200 2208 voluit:
1247 2168 1386 2206 suus
1426 2151 1638 2225 cuique
1676 2151 1908 2207 dicendi

157 2242 333 2311 color,
365 2245 453 2300 sui
489 2243 751 2312 affectus
783 2263 888 2301 sua
927 2246 1143 2301 mansit
1174 2245 1420 2302 indoles.
1510 2245 1668 2322 Ergo
1709 2254 1770 2303 et
1812 2247 1911 2303 ille

156 2358 332 2413 quem
355 2341 532 2397 modo
557 2341 855 2397 nominavi
868 2343 1033 2416 justa
1055 2349 1388 2398 commotus
1410 2342 1711 2399 iracundia
1735 2345 1909 2412 dixit3

157 2442 218 2490 et
250 2435 486 2493 Isaacus
524 2456 683 2493 caeca
713 2437 1031 2494 dilectione
1063 2439 1312 2505 ductus3
1356 2445 1417 2494 et
1450 2438 1630 2494 Israel
1660 2442 1905 2514 generis,

158 2529 361 2591 Moses
401 2532 620 2607 patriae,
668 2532 960 2589 indefesso
1005 2540 1184 2608 atque
1227 2534 1511 2590 acerrimo
1559 2553 1792 2602 amore;
1845 2543 1906 2592 et

156 2627 367 2695 caeteri,
405 2635 581 2703 prout
625 2635 793 2684 erant
837 2630 1097 2695 animati,
1137 2649 1340 2686 omnes
1385 2630 1556 2686 unius
1588 2630 1702 2687 Dei
1742 2649 1906 2687 man-

157 2723 312 2790 data,
363 2725 577 2800 singuli
629 2733 829 2782 tamen
882 2726 992 2782 sibi
1050 2728 1462 2782 convenientia
1511 2727 1836 2783 reddebant
1855 2723 1900 2784 k.

157 2819 300 2876 Erat
323 2820 600 2876 nimirum
631 2839 894 2896 supernae
924 2821 1080 2877 illius
1107 2820 1446 2896 Sapientiae,
1471 2842 1588 2878 non
1613 2822 1902 2879 violenter

157 2915 451 2972 Naturam
503 2916 816 2991 expellere,
870 2918 970 2973 sed
1022 2917 1283 2973 molliter
1326 2937 1452 2974 sese
1503 2919 1796 2975 insinuare
1839 2921 1899 2975 in

156 3011 468 3068 Naturam.
546 3011 776 3070 Verum
820 3013 944 3069 haec
992 3013 1379 3070 sanctioribus
1419 3016 1627 3071 studiis
1673 3015 1900 3090 linqua-

150 3125 314 3174 mus3
359 3127 433 3163 ne
456 3108 608 3164 forte
637 3109 697 3164 in
727 3108 999 3184 religiosa
1027 3108 1157 3165 loca
1178 3116 1404 3165 temere
1426 3111 1600 3166 nimis
1622 3112 1896 3186 irrupisse

150 3203 468 3260 videamur.
556 3203 714 3260 Illud
745 3211 980 3260 tantum
1011 3223 1045 3260 e
1074 3223 1137 3260 re
1166 3211 1367 3260 nostra
1393 3205 1516 3261 fore
1555 3207 1893 3273 arbitrabar,
1930 3222 1940 3231 ·

150 3297 196 3351 si
226 3298 628 3364 ostendissem,
652 3300 903 3374 priscam
934 3300 1117 3366 illam,
1148 3306 1210 3355 et
1232 3300 1466 3355 unicam
1498 3302 1738 3375 quidem
1770 3303 1892 3358 sine

148 3390 279 3448 labe
319 3401 380 3449 et
419 3394 570 3461 fuco,
603 3394 834 3462 Poesin,
872 3395 1038 3471 aegris
1078 3395 1242 3469 quasi
1282 3397 1552 3451 curandis
1591 3395 1890 3464 adhiberi;

260 3599 272 3630 i
305 3601 417 3644 Gen.
439 3602 499 3645 ix.
525 3614 593 3659 25.
617 3604 696 3647 &c.
970 3603 994 3632 k
1028 3602 1140 3646 Gen.
1164 3603 1296 3647 xxvii.
1319 3604 1424 3646 xlix.
1459 3604 1592 3646 Deut.
1618 3604 1765 3647 xxxiii.

1016 3695 1051 3733 E
