2320 4126
272 288 427 320 PRAEL.
459 288 569 320 X1x.
641 259 829 321 Lenior
853 271 914 322 de
938 272 1059 322 Jove
1081 273 1322 324 sententia
1347 274 1402 324 in
1427 278 1806 343 Ayamemnmw.
1918 279 2025 329 353

271 413 538 488 gradum,
558 425 626 469 ut
656 413 894 471 intimas
917 433 1151 489 quoque
1182 415 1601 472 dormientium
1635 416 2022 491 cogitationes

273 528 390 565 non
434 510 610 566 modo
655 511 813 567 cerni
858 517 1095 586 putaret
1139 511 1340 577 oculis,
1389 531 1591 568 verum
1632 513 1812 569 etiam
1856 514 2019 587 quasi

271 625 447 663 manu
494 608 645 674 duci,
682 608 979 681 taciteque
1023 608 1259 664 formari
1306 615 1485 683 atque
1529 609 1671 684 fingi
1715 628 1821 683 per
1863 628 2021 665 sum-

270 722 430 759 mum
467 702 646 759 Illum
683 702 1018 760 Artificem:
1063 705 1263 779 itaque
1302 705 1363 760 in
1407 711 1635 761 secreta
1664 704 2018 761 lectulorum

271 808 602 856 nostrorum
633 800 880 857 derivari
912 801 1347 876 quodammodo
1379 801 1498 856 vim
1530 821 1564 858 e
1594 801 1739 858 solio
1770 800 1905 859 Dei.

354 894 608 953 Habetis
657 897 982 972 gravissimi
1027 888 1299 954 carminis
1350 899 1608 965 exordia,
1655 917 1784 972 quae
1834 898 2019 956 fusius

269 992 467 1069 paullo
507 1012 803 1068 exponere
841 995 1254 1062 decreveram3
1310 995 1581 1069 primum,
1624 996 1901 1070 quoniam
1947 1015 2018 1054 ea

268 1090 651 1148 vehementer
715 1091 1090 1166 pertinebant
1153 1091 1228 1147 ad
1286 1091 1697 1166 explicandam
1755 1092 2016 1169 AEschyli

266 1187 448 1243 nostri
489 1187 562 1244 de
597 1186 771 1243 rebus
815 1186 990 1243 sacris
1031 1187 1385 1261 opinionem.
1481 1186 1640 1255 Quid
1670 1188 1871 1246 enim?
1916 1191 2014 1264 qui

266 1281 504 1358 Jupiter
560 1284 621 1339 in
674 1282 1031 1340 Prometheo
1091 1290 1285 1358 partes
1349 1290 1551 1359 egerat
1608 1284 2013 1343 immanissimi

265 1381 531 1436 omnium
561 1380 811 1455 tyranni,
840 1380 997 1435 idem
1026 1379 1086 1434 in
1119 1379 1607 1454 Agamemnoniis
1642 1379 1855 1437 fabulis
1898 1401 2015 1438 non

265 1479 443 1535 modo
501 1478 723 1534 bonum
785 1496 847 1534 se
905 1477 1149 1552 praebet,
1195 1476 1295 1533 sed
1347 1476 1581 1534 dulcem
1635 1479 1832 1545 etiam,
1877 1498 2013 1535 cum

266 1576 595 1632 errantibus
645 1575 853 1633 animis
900 1574 1148 1631 comiter
1192 1575 1341 1631 adeo
1388 1575 1544 1631 viam
1595 1582 1885 1632 monstret
1929 1584 2017 1633 at-

264 1689 379 1745 que
431 1670 670 1746 aperiat.
775 1668 868 1726 Ac
921 1670 1138 1738 videte,
1187 1689 1304 1744 qua
1354 1670 1660 1746 diligentia
1704 1679 2018 1728 veneretur

265 1774 326 1821 et
384 1765 587 1822 laudet
646 1765 910 1840 Scriptor
967 1785 1183 1822 nomen
1242 1766 1435 1840 ipsum
1493 1763 1698 1832 Jovis3
1769 1773 1838 1821 ut
1896 1785 2012 1821 non

263 1863 513 1920 absurde
570 1863 844 1938 conjiciat
912 1862 1136 1937 aliquiS,
1210 1880 1421 1919 canere
1489 1879 1626 1917 eum
1685 1860 2013 1934 παλινῳδίαν

264 1958 577 2032 quandam,
606 1977 724 2014 non
755 1977 830 2014 ex
861 1958 1128 2026 formula,
1158 1958 1259 2015 sed
1291 1958 1489 2024 tacite,
1520 1964 1832 2032 propterea
1854 1959 2012 2032 quod

262 2055 417 2111 idem
450 2055 510 2111 in
543 2054 900 2111 Prometheo
936 2073 1153 2111 nomen
1190 2054 1449 2129 asperius
1485 2053 1683 2128 paullo
1714 2073 1780 2110 ac
1813 2053 2014 2110 durius

262 2157 654 2207 tractaverat:
716 2149 982 2207 crederes
1033 2150 1126 2206 vel
1179 2150 1520 2206 interventu
1573 2148 1871 2218 HerculiS‚
1918 2149 2011 2206 vel

261 2246 375 2303 alio
406 2247 658 2321 quodam
690 2246 827 2314 ritu,
861 2265 953 2302 res
988 2247 1048 2301 in
1079 2246 1450 2302 concordiam
1484 2254 1544 2302 et
1575 2246 1634 2301 in
1665 2247 2010 2320 aequitatem

261 2345 518 2401 rediisse.
918 2344 937 2358 '

354 2441 463 2498 Est
521 2441 702 2497 etiam
762 2440 948 2496 altera
1006 2458 1180 2496 causa
1239 2439 1494 2504 (fatebor
1545 2439 1728 2511 enim)
1789 2457 1894 2494 cur
1950 2440 2009 2493 in

260 2535 369 2592 hac
420 2535 598 2592 Chori
649 2535 943 2592 cantilena
990 2543 1223 2591 tantum
1276 2533 1467 2608 operis
1513 2533 1852 2608 ponendum
1906 2532 2011 2588 ho-

260 2632 354 2688 die
384 2631 792 2688 decrevissem.
882 2630 1185 2689 Videlicet
1215 2631 1455 2706 indigna
1494 2630 1679 2686 ferme
1723 2647 1815 2685 res
1857 2629 2009 2686 solet

262 2728 462 2794 videri,
518 2727 590 2800 (si
649 2735 850 2783 tamen
894 2746 1024 2784 eam
1083 2746 1201 2783 non
1247 2727 1420 2783 nimis
1463 2734 1638 2783 acute
1689 2726 2007 2799 cernimus)

260 2824 416 2899 quod
461 2822 758 2880 nonnullis
802 2842 910 2880 usu
947 2824 1127 2892 venit,
1162 2831 1231 2879 ut
1274 2823 1505 2897 quoties
1542 2822 1663 2879 sive
1699 2821 2011 2897 AEschylus

261 2921 382 2977 sive
417 2919 733 2987 HomeruS,
765 2920 887 2976 sive
931 2920 1060 2995 quis
1103 2919 1251 2976 alius
1294 2927 1497 2976 vatum
1540 2919 1730 2993 majus
1773 2918 2008 2992 aliquod

260 3023 322 3072 et
381 3016 638 3073 sanctius
698 3035 875 3090 quam
947 3035 1051 3091 pro
1117 3016 1416 3072 communi
1476 3021 1655 3090 captu
1712 3013 2009 3081 cecinerit,

260 3112 460 3169 statim
525 3113 916 3188 detorqueant
981 3110 1332 3188 magnorum
1391 3111 1708 3167 Poetarum
1776 3117 2011 3164 senten-

261 3209 389 3276 tias,
426 3215 489 3264 et
532 3209 593 3264 in
637 3209 896 3265 deterius
940 3217 1170 3266 mutare
1213 3209 1530 3282 incipiant:
1584 3206 1740 3280 quod
1787 3204 2011 3261 scilicet

260 3323 394 3359 cum
454 3304 692 3361 homine
745 3304 1000 3361 Ethnico
1053 3305 1152 3359 vix
1203 3311 1265 3359 et
1317 3321 1392 3358 ne
1443 3302 1542 3358 vix
1587 3302 1825 3376 quidem
1873 3321 2011 3357 con-

258 3419 468 3475 gruere
499 3401 772 3474 judicent
819 3420 948 3457 eam
991 3400 1073 3455 rei
1117 3419 1292 3456 sacrae
1334 3399 1629 3454 notitiam.
1716 3396 1806 3453 At
1850 3397 2007 3453 enim

259 3497 636 3553 meminerint
696 3497 891 3562 velim,
958 3497 1165 3571 primo,
1232 3495 1519 3570 placuisse
1586 3512 2006 3568 nonnunquam

259 3600 483 3648 aeterno
530 3592 800 3659 Nummi,
850 3594 1206 3648 documenta
1250 3611 1385 3647 cum
1431 3591 1691 3646 maxima
1735 3598 1865 3646 tum
1911 3608 2009 3644 ve-

1098 3706 1136 3743 A
1167 3707 1198 3743 a
