2320 4126
133 283 290 315 PRAEL.
314 281 383 314 x1.
415 263 528 314 Cur
565 261 619 311 U
615 260 760 327 lysses
783 260 838 310 in
851 259 1091 327 patriam
1116 259 1340 309 devectus
1365 276 1475 309 eam
1501 259 1707 328 iquoret.
1776 259 1880 312 179

363 402 462 446 τοὺς
483 400 518 444 δ’
541 397 637 457 αἶψ’
660 399 891 458 ᾇρπάξασα
911 398 1044 456 φέρεν
1063 398 1268 442 πόντονδε
1291 396 1453 441 θύελλα

361 473 597 523 κλαίοντας,
619 471 743 529 γαίης
763 470 846 514 ἀπὸ
867 471 1084 528 πατρίδος·
1117 470 1249 527 αὐτὰρ
1271 470 1406 527 ἔγωγε

361 546 588 603 ἐγρόμενος
609 545 713 587 κατὰ
734 544 867 600 θυμὸν
886 543 1078 600 ἀμύμονα
1095 541 1348 600 μερμήριξα,

363 616 409 673 ἦὲ
431 618 579 661 πεσὼν
601 617 645 660 ἐκ
667 618 765 672 νηὸς
786 617 1037 674 ἀποφθίμην
1058 617 1118 660 ε’νὶ
1138 619 1295 676 πόντῳ,

361 689 385 744 ἢ
407 689 541 732 ἀκέων
561 689 725 744 τλαίην,
748 690 815 732 καὶ
838 689 900 733 ε’τὶ
922 691 1070 743 ζωοῖσι
1091 689 1275 745 μετείην.

358 760 456 804 ἀλλ’
480 762 608 816 ἔτλην
628 761 696 803 καὶ
717 761 872 816 ἔμεινα*
906 762 1211 819 καλυψάμενος
1232 760 1268 804 δ’
1294 761 1355 804 ἐνὶ
1377 758 1445 815 νηῒ

361 833 518 889 κείμην·

212 945 424 1021 Neque
476 946 590 1003 alio
642 954 928 1023 spectant,
979 949 1199 1022 opinor,
1250 947 1352 1003 illa
1402 946 1650 1002 artificio
1701 944 1875 1019 plane

127 1043 436 1117 exquisitO,
458 1063 585 1118 quae
615 1044 983 1118 aliquantum
1013 1045 1297 1119 temporis
1328 1043 1592 1100 locorum
1623 1041 1876 1098 oblitum

127 1140 364 1204 faciunt,
406 1148 467 1196 et
506 1141 696 1215 patrio
727 1160 961 1216 quoque
1001 1141 1061 1196 in
1102 1140 1274 1197 litore
1310 1139 1681 1205 moerentem,
1713 1138 1877 1213 quasi

127 1236 241 1293 alio
272 1238 550 1295 devectus
579 1239 731 1295 foret
748 1247 791 1295 ⁰.

364 1395 755 1406 ..............
772 1363 795 1405 ὁ
818 1360 853 1405 δ’
877 1363 1027 1420 ἔγρετο
1049 1363 1141 1407 δῖος
1160 1361 1421 1412 Ὀδυσσεὺς,

357 1429 490 1475 εὕδων
511 1432 555 1476 ἐν
574 1432 672 1490 γαίῃ
693 1432 900 1490 πατρωΐῃ,
923 1433 1025 1477 οὐδέ
1043 1451 1115 1489 μιν
1136 1434 1264 1491 ἔγνω,

358 1503 435 1558 ἤδη
459 1503 535 1559 δὴν
555 1503 709 1548 ἀπέων·
743 1506 843 1562 περὶ
864 1505 948 1562 γὰρ
971 1504 1067 1549 θεὸς
1088 1506 1192 1560 ἥερα
1211 1507 1339 1561 χεῦεν

358 1576 539 1621 Παλλὰς
557 1576 757 1632 Ἀθηναίη
780 1576 908 1634 κούρη
932 1578 1047 1622 Διός·
1058 1610 1390 1621 ............

358 1647 517 1691 τοῦνεκ’
540 1648 605 1705 ἄρ’
629 1648 858 1693 ἀλλοειδέα
878 1650 1138 1707 φαινέσκετο
1158 1650 1296 1693 πάντα
1317 1648 1478 1698 ἄνακτι,

356 1718 583 1777 ἀτραπιτοί
602 1739 648 1764 τε
671 1721 890 1776 διηνέκεες,
911 1721 1081 1778 λιμένες
1101 1739 1148 1764 τε
1168 1721 1393 1778 πάνορμοι,

359 1791 511 1849 πέτραι
531 1791 567 1836 τ’
590 1791 791 1848 ἠλίβατοι
813 1794 880 1836 καὶ
903 1793 1081 1851 δένδρεα
1101 1793 1389 1848 τηλεθόωντα.

361 1866 443 1919 στῆ
466 1863 502 1907 δ’
525 1863 589 1922 ἄρ’
612 1861 800 1919 ἀναΐξας,
822 1865 890 1908 καὶ
910 1862 947 1922 ῥ’
971 1863 1105 1909 εἴσιδε
1125 1864 1311 1922 πατρίδα
1330 1865 1469 1921 γαῖαν·

358 2009 490 2065 χερσὶ
510 2008 842 2067 καταπρηνέσσ’,
864 2010 1189 2067 ὀλοφυρόμενος
1210 2008 1245 2053 δ’
1268 2010 1370 2054 ἔπος
1389 2008 1509 2064 ηὔδα·

360 2080 392 2124 ὦ
412 2099 484 2137 μοι
505 2081 603 2139 ἐγὼ,
625 2081 731 2126 τέων
751 2081 852 2126 αὖτε
872 2084 1043 2140 βροτῶν
1065 2082 1108 2127 ἐς
1127 2083 1254 2140 γαῖαν
1275 2081 1428 2132 ἱκάνω;

132 2222 135 2223 ’
212 2204 416 2262 Sciens
472 2206 844 2280 prudensque
902 2204 1045 2261 fecit
1105 2202 1421 2270 HomerUS,
1486 2210 1556 2260 ut
1627 2204 1878 2279 patriam

128 2301 434 2358 fruendam
464 2321 583 2358 non
613 2301 821 2379 ἀθρόως
851 2303 953 2358 sed
989 2301 1187 2377 spissis
1217 2303 1382 2376 quasi
1422 2301 1700 2377 gradibus
1742 2319 1879 2357 con-

129 2396 379 2453 cederet.
469 2397 673 2472 quue
717 2398 948 2473 plenius
993 2405 1054 2455 et
1093 2398 1306 2454 melius
1338 2399 1618 2454 docemur
1647 2397 1787 2471 quid
1818 2397 1879 2452 in

129 2491 263 2548 forti
293 2492 416 2549 viro
445 2495 644 2569 possit,
676 2514 853 2569 quam
888 2496 1124 2570 penitus
1154 2495 1405 2552 insideat
1436 2494 1649 2560 anim0,
1681 2493 1878 2550 natale

129 2589 335 2647 solum.
422 2588 690 2647 Ithacam
735 2592 925 2666 primo
959 2591 1227 2648 nominat
1264 2590 1557 2656 Minerva,
1590 2590 1699 2646 sub
1739 2591 1878 2646 ado-

129 2684 404 2743 lescentis
433 2687 628 2761 specie
659 2687 833 2743 obvia
851 2695 876 2732 P
901 2706 914 2743 ε

366 2838 638 2849 ..........
654 2804 845 2863 γήθησεν
865 2805 912 2849 δὲ
932 2805 1154 2850 πολύτλας
1173 2805 1264 2850 δῖος
1280 2804 1537 2856 Ὀδυσσεὺς,

361 2876 523 2934 χαίρων
541 2872 570 2932 ᾗ
590 2876 688 2934 γαίῃ
709 2875 900 2935 πατρωΐῃ
915 2894 928 2928 ;
938 2910 1447 2921 ..................

127 2977 230 3034 sed
271 2983 582 3052 postquam
619 2977 956 3036 Minervam
1001 2998 1126 3036 esse
1170 2978 1486 3045 intellexit,
1527 2978 1724 3034 nescio
1763 2997 1879 3052 qua

127 3073 460 3147 suspicione
517 3074 784 3149 angitur:
853 3095 1029 3150 quam
1076 3076 1177 3132 illa
1229 3082 1359 3132 tum
1412 3075 1654 3131 demum
1699 3074 1874 3139 levat,

129 3176 494 3244 amovetque‚
527 3190 663 3226 cum
693 3172 851 3246 prius
887 3173 1297 3248 experimento
1338 3172 1697 3248 cognoverit,
1729 3172 1875 3229 nihil

128 3261 187 3316 in
244 3261 354 3318 hac
401 3281 463 3319 re
516 3265 794 3332 subitum,
847 3267 994 3323 nihil
1045 3287 1180 3324 cum
1233 3269 1462 3343 impetu
1512 3287 1686 3344 agere
1737 3287 1875 3325 eum

131 3355 315 3424 velle3
387 3360 613 3415 ratione
672 3380 739 3417 ac
791 3363 885 3419 via
942 3382 1348 3438 processurum
1397 3382 1540 3429 esse,
1587 3382 1663 3420 ne
1714 3365 1874 3421 domi

129 3468 378 3525 quoque,
445 3455 600 3528 quod
673 3457 854 3520 aiunt,
922 3458 1291 3534 naufragium
1360 3460 1651 3533 patiatur:
1725 3468 1871 3528 tum,

363 3599 380 3617 ⁰
414 3592 501 3637 Od.
525 3594 614 3638 xiii.
642 3596 740 3653 187.
1375 3605 1393 3630 Ρ
1423 3598 1513 3642 xiii.
1537 3610 1637 3656 250«.

949 3676 1059 3726 ΝΞ
