2320 4126
343 251 451 301 152
528 248 917 303 Similitudines
944 249 1260 314 Homericam,
1290 249 1545 320 depensis
1569 250 1865 321 astatium,
1908 270 2067 303 PRAEL.
2087 270 2139 302 x.

586 388 647 447 τῷ
671 386 719 430 δέ
741 385 777 431 τ’
802 386 982 431 ἄνευθεν
1002 387 1133 439 ἕοντι,
1166 387 1451 445 μελάντερον,
1473 383 1578 442 ἠΰτε
1599 386 1761 440 πίσσα,

586 457 756 517 φαίνετ’
781 458 847 503 ἷὸν
870 459 978 502 κατὰ
998 461 1176 511 πόντον,
1200 457 1297 517 ἄγει
1319 458 1370 503 δέ
1389 476 1437 503 τε
1457 458 1657 503 λαίλαπα
1676 458 1864 515 πολλήν·

862 532 1030 556 ²r,‹

583 609 697 651 τοῖαι
718 604 790 665 ἅμ’
813 607 1055 652 Αἰάντεσσι
1079 605 1363 664 Διοτρεφέων
1384 605 1543 663 αἷζῃῶν

583 680 704 738 δήϊον
726 681 770 728 ἐς
790 684 988 738 πόλεμον
1007 681 1182 726 πυκιναὶ
1204 681 1375 725 κίνυντο
1397 681 1631 739 φάλαγγες

585 754 772 807 κυάνεαι,
797 754 986 800 σάκεσίν
1007 773 1054 798 τε
1077 754 1146 798 καὶ
1168 754 1326 812 ἔγχεσι
1348 755 1621 813 πεφρικυῖαι.

426 852 638 929 Atque
697 853 1016 910 innumera
1084 859 1225 910 sunt
1300 852 1630 928 ejusmodi:
1707 872 1844 929 quae
1905 853 2142 929 quoties

341 950 498 1030 legO,
531 953 726 1010 sentio
757 951 955 1029 plane,
989 950 1331 1009 Homerum
1363 952 1426 1009 in
1458 952 1754 1012 similibus
1785 954 2142 1030 conquiren-

339 1052 429 1109 dis
460 1051 722 1110 eundem
760 1051 939 1128 plane
971 1071 1150 1128 quem
1189 1052 1251 1108 111
1283 1051 1462 1111 rebus
1498 1053 1808 1113 narrandis
1846 1054 2139 1111 extitisse.

341 1150 676 1210 Verissime
737 1152 813 1210 de
872 1153 1144 1228 utrisque
1203 1150 1610 1211 Aristoteles:
1687 1151 1904 1229 Ὀλίγα
1966 1156 2138 1234 φροι-

335 1249 698 1320 μιασάμενος,
747 1248 896 1314 εὐθὺς
944 1249 1159 1327 εἰσάγει
1203 1248 1375 1330 ἄνδρα
1421 1249 1450 1318 3¹7
1494 1259 1744 1327 γυναῖκα,
1799 1250 1830 1319 ἢ
1879 1249 2031 1309 ἄλλο
2078 1276 2137 1309 τι

335 1347 480 1417 ἦθος·
527 1349 614 1407 καὶ
649 1347 800 1407 οὐδὲν
822 1347 999 1417 ἄηθες,
1032 1349 1167 1406 ἀλλ’
1196 1349 1329 1428 ἕχον
1359 1349 1504 1417 ἦθος.
1598 1348 1776 1408 Adeo
1807 1369 1884 1407 ne
1908 1358 2138 1408 motam

337 1452 584 1528 quidem
630 1450 1013 1519 nubeculam,
1067 1449 1312 1507 fluviive
1365 1449 1618 1527 lapsum,
1665 1470 1787 1508 non
1836 1470 1975 1509 eum
2027 1450 2138 1509 hu-

336 1553 530 1611 manis
604 1551 784 1610 rebus
858 1551 1223 1628 conjungere
1291 1549 1464 1619 solet,
1526 1549 1924 1608 humanitatis
1983 1552 2141 1629 peri-

336 1653 623 1712 tissimus

423 1753 582 1811 Sunt
628 1759 690 1810 et
735 1751 841 1809 illa
876 1751 1069 1828 magis
1105 1757 1316 1827 aperta
1352 1757 1415 1808 et
1455 1750 1701 1818 directa,
1734 1769 1891 1826 quae,
1927 1750 2141 1828 imagi—
2228 1768 2230 1770 ·

334 1852 514 1910 nibus
545 1871 623 1910 ex
656 1869 837 1928 opere
869 1850 1094 1908 rustico
1118 1850 1346 1927 petitiS,
1372 1849 1532 1907 aliud
1562 1848 1816 1927 agend0‚
1841 1850 2133 1908 rusticum

334 1953 600 2030 produnt
631 1945 960 2009 animumk.

583 2087 864 2099 ..........
882 2052 928 2097 ἐν
947 2052 1084 2113 πεδίῳ
1104 2055 1193 2110 πῦρ
1216 2052 1379 2105 δαίετο,
1403 2054 1495 2096 καῖε
1517 2052 1564 2096 δὲ
1588 2051 1799 2111 νεκρούς·.
1818 2088 1828 2098 .
1849 2087 1858 2097 .
1879 2088 1888 2098 .

576 2129 634 2173 ὡς
656 2126 693 2171 δ’
718 2125 779 2171 ὅτ’
803 2126 1020 2185 ὀπωρινὸς
1042 2125 1206 2185 Βορέης
1228 2124 1420 2185 νεοάρδε’
1443 2125 1592 2183 ἀλωὴν

579 2199 678 2259 αἶψ’
703 2200 938 2259 άνξηράνῃ,
960 2200 1106 2260 χαίρει
1129 2199 1179 2244 δέ
1198 2219 1273 2258 μιν
1294 2199 1421 2246 ὅστις
1443 2200 1605 2259 ἐθείρῃ,

576 2276 634 2321 ὡς
655 2274 871 2333 ἐξηράνθη
891 2273 1045 2318 πέδιον
1063 2276 1164 2319 πᾶν·
1174 2308 1638 2320 ................

577 2350 635 2396 ὡς
657 2348 693 2394 δ’
718 2347 792 2393 ὅτε
813 2348 977 2406 ποίμην
997 2346 1094 2405 ῥεῖα
1117 2346 1248 2406 φέρει
1269 2349 1407 2392 πόκον
1427 2347 1617 2405 ἄρσενος
1637 2348 1743 2400 οἷός,

575 2423 693 2483 χειρὶ
714 2423 869 2476 λάβων
890 2421 1031 2481 ἑτέρῃ,
1055 2421 1211 2480 ὀλίγον
1232 2421 1281 2466 δέ
1302 2439 1377 2479 μιν
1397 2421 1536 2480 ἄχθος
1558 2421 1735 2481 ἐπείγει,

577 2498 635 2544 ὧς
647 2495 823 2556 ’Ἐκτωρ
848 2496 942 2543 ἰθὺς
964 2496 1157 2542 σανίδων
1178 2495 1291 2556 φέρε
1312 2499 1426 2542 λᾶαν
1447 2496 1628 2556 ἀείραςι.

334 2582 622 2642 Feliciter
679 2600 823 2640 sane
882 2578 996 2661 πρὸ
1059 2579 1327 2650 ὀμμάτων
1386 2583 1589 2659 posuit
1648 2601 1908 2640 massam
1968 2581 2136 2641 illam

331 2681 567 2761 ingenti
598 2680 925 2747 volumine,
958 2699 1141 2757 quam
1182 2680 1334 2738 adeo
1376 2680 1630 2737 miretur
1673 2678 1889 2756 aliquis
1934 2678 2133 2738 levem

332 2782 459 2840 fieri
494 2782 554 2839 in
583 2780 863 2838 manibus
882 2779 1200 2856 jacientis:
1247 2778 1399 2836 illud
1430 2785 1635 2837 autem
1670 2779 1745 2836 de
1776 2777 2001 2836 vellere
2032 2778 2134 2837 vix

332 2901 676 2959 quenquam
721 2879 1137 2938 adhibiturum
1190 2887 1356 2957 pute,
1403 2879 1517 2938 nisi
1563 2880 1664 2955 qui
1712 2879 1966 2955 propriis
2011 2897 2134 2936 non

331 2982 514 3040 modo
547 2980 736 3038 oeulis
768 2999 978 3037 verum
1010 2980 1194 3037 etiam
1227 2979 1431 3057 digitis
1462 2977 1797 3056 perieulum
1829 2979 2060 3037 feeerit.

421 3081 766 3141 Occurrunt
825 3078 1029 3146 etiam,
1093 3098 1224 3153 quae
1283 3085 1520 3135 motum
1581 3078 1842 3136 telorum
1904 3097 1940 3136 a
1997 3076 2133 3136 laevi

335 3184 582 3241 thorace
614 3178 1011 3238 resilientium
1040 3178 1443 3236 imitanturm:

575 3287 632 3332 ὧς
654 3283 690 3330 δ’
716 3283 778 3329 ὅτ’
802 3284 888 3329 ἀπὸ
909 3282 1104 3329 πλατέος
1123 3283 1319 3341 πτυόφιν
1338 3283 1536 3342 μεγάλην
1557 3281 1648 3327 κατ’
1671 3283 1820 3341 ἀλωὴν

574 3361 840 3419 θρώσκωσιν
862 3357 1017 3416 κύαμοι
1037 3359 1353 3417 μελανόχροες,
1376 3355 1401 3413 ἢ
1425 3347 1661 3416 ἐρέβινθοι,

573 3437 700 3493 πνοιῇ
724 3436 809 3480 ὑπὸ
830 3437 990 3494 λιγυρῇ
1015 3434 1085 3478 καὶ
1104 3435 1372 3492 λικμητῆρος
1394 3432 1522 3490 ἐρωῇ·

572 3510 629 3554 ὣς
649 3508 735 3553 ἀπὸ
758 3508 952 3567 θώρηκος
974 3508 1204 3553 Μενελάου
1225 3504 1482 3564 κυδαλίμοιο

573 3583 747 3628 πολλὸν
768 3581 1117 3641 ἀποπλαγχθεὶς,
1142 3580 1240 3627 ἑκὰς
1261 3581 1422 3626 ἔπτατο
1444 3581 1600 3638 πικρὸς
1621 3579 1789 3625 ὀϊστός.

514 3778 530 3804 ¹³
566 3780 618 3824 11.
644 3781 734 3825 xxi.
760 3796 863 3840 343.
1141 3779 1149 3807 ¹
1181 3782 1255 3826 xii,
1280 3793 1383 3840 451.
1631 3818 1633 3820 .
1661 3786 1688 3805 ¹¹¹
1722 3779 1816 3825 xiii.
1840 3779 1943 3838 588.
