2320 4126
309 172 425 225 ⁷248
554 170 698 238 Quid
717 169 819 224 sibi
841 166 963 224 velit
987 168 1368 241 Pelopidarum
1391 165 1572 222 crebra
1597 168 1797 223 mentio,
1837 187 1999 223 Pium„
2021 188 2122 225 xv·

404 314 503 373 Ac
563 316 765 373 nescio
812 315 1059 391 quidem
1120 334 1198 373 an
1253 315 1398 373 satis
1449 320 1621 374 recte
1668 314 1922 384 dicatur,
1975 316 2123 376 locis

320 414 481 472 inter
525 433 589 472 se
633 413 888 482 collatiS‚
933 432 1221 490 apparere
1273 412 1372 470 hic
1421 412 1608 470 etiam
1655 413 2124 495 ingravescentis

319 512 515 571 aetatis
545 512 835 589 vestigia3
882 530 960 568 ex
991 511 1183 568 altera
1217 517 1390 587 parte
1430 512 1626 569 minas
1655 517 1720 569 et
1756 511 1925 581 iram,
1959 513 2125 588 judi-

320 611 484 669 cium
514 611 697 668 modo
727 629 806 667 ex
837 608 1028 667 altera
1056 608 1496 686 gravissimum.

411 709 575 767 Illud
607 714 773 767 certe
806 706 921 765 erit
953 726 987 765 e
1017 726 1082 765 re
1113 714 1333 776 nostra,
1366 707 1527 783 quod
1550 706 2028 786 Agamemnonis
2059 715 2123 765 et

322 806 749 883 Pelopidarum
796 823 968 863 casus
1011 824 1135 862 non
1178 804 1294 862 hoc
1338 824 1464 861 uno·
1505 803 1656 873 locO,
1697 805 1804 862 sed
1848 811 1911 862 et
1957 806 2121 862 omni

321 905 447 962 fere
478 903 744 962 carmine
769 902 845 958 de
875 901 1172 961 industria
1197 909 1631 961 memorantur.
1690 902 2122 961 Telemachum

321 1003 424 1079 qui
456 1003 669 1060 volunt
700 1001 968 1059 excitare
998 1001 1075 1059 ad
1107 1000 1350 1059 laudem
1381 1008 1444 1060 et
1473 1001 1551 1060 ad
1579 1000 1864 1070 laborem,
1885 1001 2123 1078 quoties

321 1102 555 1160 Orestis
600 1106 860 1159 utuntur
899 1099 1202 1178 exemp10,
1245 1099 1591 1178 nuperrime
1624 1101 1756 1176 jam
1800 1100 1862 1157 in
1905 1099 2125 1178 vulgus

321 1196 541 1258 notob!

992 1355 1215 1368 ........
1231 1321 1576 1382 οὖδέτίσεχρὴ

564 1396 747 1454 νηπίαας
768 1394 927 1455 ὀχέειν,
950 1395 1044 1440 ἐπεὶ
1066 1398 1210 1441 οὕκετι
1231 1396 1408 1453 τηλίκος
1430 1396 1551 1442 ε’σσί·

559 1469 585 1527 ἢ
608 1471 684 1515 οὐκ
704 1467 827 1522 ἀΐεις,
851 1468 996 1519 ὅσσον
1012 1469 1142 1515 κλέος
1162 1470 1335 1524 ἔλλαβε
1357 1470 1453 1516 δῖος
1470 1469 1688 1530 Ὀρέστης

560 1546 727 1591 πάντας
749 1543 815 1589 ἐπ’
839 1543 1111 1603 ἀνθρωποὺς,
1134 1543 1228 1588 ἐπεὶ
1246 1541 1399 1589 ἔκτανε
1419 1546 1709 1604 πατροφονῆα

560 1617 776 1678 Αἴγισθον
798 1620 1054 1676 δολόμητιν,
1079 1617 1128 1664 ὅς
1149 1619 1191 1662 οἶ
1211 1618 1381 1677 πατέρα
1402 1617 1562 1664 κλύτον
1579 1616 1712 1671 gxi-«13

563 1693 633 1736 καὶ
655 1692 730 1745 σὺ,
754 1693 905 1752 φίλος·
939 1693 1062 1749 μάλα
1082 1692 1170 1751 γάρ
1192 1691 1235 1736 σ’
1260 1694 1376 1751 ὁρόω
1398 1694 1534 1738 καλόν
1553 1711 1602 1737 τε
1621 1691 1760 1751 μέγαν
1781 1704 1846 1736 τε·

561 1766 745 1824 ἄλκιμος
766 1766 884 1818 ἐσσ’,
907 1764 978 1811 ἵνα
997 1765 1064 1812 τίς
1086 1784 1142 1810 σε
1162 1766 1234 1810 καὶ
1255 1766 1484 1825 ὀψιγόνων
1504 1765 1552 1811 εὖ
1572 1764 1687 1824 εἴπῃ.

320 1882 437 1943 His
467 1884 763 1943 addamus
794 1883 1175 1941 admonitum
1206 1882 1553 1952 Nestoris⁰;

559 2089 618 2135 ὥς
637 2087 674 2133 τ’
698 2086 796 2144 ἦλθ’
801 2121 816 2140 ,
838 2088 896 2133 ὥς
916 2086 953 2131 τ’
977 2085 1193 2146 Αἴγισθος
1212 2085 1408 2144 ε’μῆσατο
1428 2086 1596 2147 λύγρον
1617 2087 1818 2148 ὄλέθρον.

559 2160 660 2206 ἀλλ’
683 2164 778 2219 ἤτοι
801 2164 939 2206 κεῖνος
957 2161 1039 2217 μὲν
1060 2160 1368 2220 ἐπισμυγερῶς
1391 2161 1615 2207 ἀπέτισεν·

560 2237 618 2282 ὡς
638 2235 820 2295 ἀγαθὸν,
843 2235 913 2279 καὶ
933 2235 1070 2279 παῖδα
1092 2234 1435 2294 καταφθιμένοιο
1456 2235 1669 2281 λιπέσθαι

560 2310 730 2369 ἀνδρός·
765 2310 860 2355 ε’πεὶ
882 2310 952 2354 καὶ
974 2311 1112 2355 κεῖνος
1134 2308 1314 2362 ἐτίσατο
1334 2310 1642 2369 πατροφονῆα.

320 2429 501 2499 Quod
548 2430 597 2488 si
637 2436 965 2488 contexere
995 2428 1146 2487 velis
1182 2448 1255 2487 ea
1284 2448 1421 2505 quae
1461 2428 1649 2487 habet
1692 2428 1855 2486 idem
1889 2426 2122 2485 Nestor

318 2527 491 2598 infra,
522 2536 767 2606 rogatus
797 2547 834 2586 a
861 2526 1226 2585 Telemacho
1258 2529 1334 2585 de
1362 2535 1560 2585 morte
1584 2521 2118 2605 Agamemnonisd‚

319 2646 577 2704 quaeque
619 2626 944 2685 Menelaus
990 2626 1269 2703 proximo
1308 2624 1479 2694 libro,
1525 2624 1731 2683 Protei
1776 2625 1932 2683 senis
1976 2623 2117 2683 effa—

318 2732 384 2783 ta
433 2726 764 2795 referens&
830 2744 904 2783 ea
953 2744 1148 2802 porro⁹
1203 2724 1420 2801 quibus
1463 2725 1679 2782 umbra
1721 2724 1907 2801 ipsius
1951 2722 2119 2801 Aga-

318 2825 659 2883 memnonis
705 2844 875 2883 suam
921 2824 1089 2900 quasi
1128 2824 1386 2882 naeniam
1431 2819 1652 2882 canitf:
1698 2821 1948 2881 habebis
1982 2841 2120 2898 pro-

319 2922 483 2979 fecto
519 2942 642 2980 non
682 2924 834 2981 adeo
868 2923 1145 2999 jejunam
1193 2922 1523 3000 Tragoediae
1573 2921 1736 2980 illius
1782 2918 2118 2997 AEschyleae

320 3020 595 3079 formam.
685 3021 839 3097 Ejus
886 3027 1093 3079 autem
1145 3022 1232 3078 rei
1284 3021 1546 3098 repetita
1594 3019 1930 3078 identidem
1988 3036 2118 3074 me-

314 3119 509 3177 moria
552 3126 846 3196 quantum
891 3118 1091 3176 valeat
1143 3119 1220 3177 ad
1273 3119 1505 3177 animos
1543 3117 1888 3197 arrigendos
1931 3123 2116 3192 atque

318 3218 394 3275 ad
469 3220 810 3296 augendam
884 3218 1424 3295 exspectationem,
1483 3236 1592 3294 per
1659 3236 1724 3276 se
1791 3214 1935 3274 satis
1999 3213 2115 3271 erit

316 3324 722 3394 perspectum.

405 3414 584 3484 Quid,
627 3415 788 3492 quod
832 3416 896 3472 in
939 3413 1212 3474 clausula
1254 3415 1444 3472 totius
1487 3413 1721 3480 fabulae,
1769 3429 2005 3470 summa
2047 3428 2114 3466 re

315 3594 341 3625 b
374 3594 465 3639 Od.
488 3595 518 3639 i.
544 3594 646 3654 296.
772 3602 789 3623 ⁶
822 3596 886 3640 iii.
914 3610 1014 3655 193.
1140 3594 1158 3620 ‘¹
1189 3595 1250 3639 iii.
1278 3593 1381 3640 262.
1513 3601 1531 3619 ²
1559 3593 1620 3638 iv.
1643 3603 1747 3647 512.
1878 3589 1892 3615 ¹
1918 3589 1979 3635 xi.
2003 3599 2109 3644 405.
