2320 4126
239 281 394 316 pum..
414 278 504 314 xx.
568 259 648 313 De
661 258 920 330 Ρνσεεαρα,
946 256 1092 327 apud
1111 251 1430 321 AEschylum‚
1459 252 1715 303 nominum
1740 248 1806 301 vi.
1883 246 1991 303 369

239 427 374 485 quae
402 424 598 465 rerum
627 411 896 462 tenorem
938 402 1064 477 ipsa
1106 398 1291 475 possit
1320 396 1579 462 flectere,
1611 393 1802 450 verbis
1834 393 1986 449 voci-

237 503 464 580 busque
492 502 567 560 ad
597 499 903 559 libidinem
934 496 1212 556 serendis.
1289 491 1584 567 Exemplo
1615 490 1733 547 sint
1762 507 1832 545 ea
1862 489 1990 562 qui-

238 600 349 658 bus
397 597 621 656 claudit
666 596 993 654 orationem
1044 592 1224 659 illam,
1271 591 1409 656 visa,
1454 587 1717 645 nondum
1771 584 1988 651 audita,

236 692 619 772 Trojanorum
649 688 852 751 claded
875 708 890 748 z

588 818 637 862 τὸ
659 814 695 860 δ’
718 814 766 860 εὖ
787 814 976 873 κρατοίη,
997 812 1054 869 μὴ
1077 811 1350 868 διχορρόπως
1371 809 1489 852 ἰδεῖν·

586 889 766 933 πολλῶν
785 885 823 931 δ’
845 885 896 930 ἂν
916 885 1089 930 ἐσθλῶν
1109 881 1223 939 τηνδ’
1245 880 1395 938 ὄνησιν
1415 881 1604 936 εἱλόμην.

237 989 327 1050 Ea
368 998 522 1058 sunt,
560 1009 694 1066 quae
738 985 1015 1064 perfacile
1057 986 1119 1042 in
1161 983 1387 1041 malum
1429 985 1818 1056 torqueantur
1860 993 1990 1034 sen-

235 1106 401 1157 sum3
460 1086 788 1163 praesertim
834 1083 1173 1159 ambiguam
1220 1080 1513 1157 quandam
1558 1077 1716 1134 vocis
1760 1074 1987 1132 vultus-

235 1205 351 1261 que
381 1184 697 1242 flexionem
726 1180 1164 1256 usurpantibus·
1232 1178 1402 1236 Idem
1432 1181 1602 1234 sonat
1624 1173 1835 1232 clarius
1864 1173 1990 1248 ipsa

233 1281 535 1340 redeuntis
564 1278 842 1338 salutatio
858 1286 912 1334 0:

585 1399 709 1446 εὐθὺς
727 1399 922 1458 γενέσθω
942 1396 1346 1456 πορφυρόστρωτος
1364 1397 1513 1452 πόρος,

586 1471 647 1518 εἷς
667 1469 770 1528 δῶμ’
793 1470 981 1519 ἄελπτον
1001 1470 1058 1515 ὦς
1077 1467 1128 1514 ἂν
1147 1468 1300 1527 ἡγῆται
1322 1467 1442 1523 Δίκη.

317 1582 549 1642 Verum
578 1601 614 1639 a
643 1580 856 1649 Chom,
889 1597 1060 1638 suum
1094 1578 1354 1635 officium
1391 1582 1616 1642 tuente,
1647 1571 1991 1651 gravissime

232 1699 301 1738 ac
350 1678 745 1756 pulcherrime
789 1677 1100 1754 corrigitur
1150 1675 1333 1751 impia
1375 1673 1640 1750 Regina3
1699 1671 1987 1747 siquidem

232 1776 561 1854 corrigendi
613 1775 732 1832 vim
781 1774 1005 1832 habent
1056 1792 1144 1843 ea,
1188 1791 1317 1848 quae
1363 1790 1563 1829 veram
1613 1788 1720 1826 nos
1771 1769 1986 1826 docent

232 1872 522 1931 rationem
551 1871 835 1930 sermonis
864 1869 959 1927 vel
989 1870 1142 1928 bene
1173 1868 1268 1926 vel
1298 1867 1455 1925 male
1485 1866 1729 1924 ominati
1750 1861 1769 1899 f
1785 1884 1798 1921 t

586 1985 650 2031 τίς
668 1983 763 2029 ποτ’
786 1985 998 2040 ὠνόμαζεν
1017 1981 1088 2027 ὧδ’

586 2057 630 2104 ἐς
649 2058 699 2101 τὸ
719 2058 805 2101 πᾶν
825 2054 1110 2113 ἐτητύμως,-

583 2128 641 2186 μή
661 2146 739 2181 τις,
763 2127 888 2173 ὅντιν’
911 2127 988 2171 οὒκ
1009 2129 1188 2184 ὁρῶμεν,

583 2201 830 2258 προνοίαισι
850 2202 928 2244 τοῦ
947 2197 1228 2257 πεπρωμένου

584 2275 800 2332 γλῶσσαν
820 2272 867 2317 ἐν
884 2273 994 2330 τυχᾷ
1015 2271 1152 2329 νέμων
1163 2289 1178 2322 ;

584 2346 664 2390 τὰν
682 2345 990 2404 δορίγαμβρον,
1011 2342 1242 2401 ἀμφινείκη
1264 2341 1302 2385 θ’
1323 2340 1503 2386 Ἐλέναν
1514 2358 1527 2392 ;

585 2417 677 2462 ἐπεὶ
696 2418 945 2474 πρεπόντως
966 2415 1155 2467 έλέναυς,
1178 2413 1406 2470 ἕλανδρος,
1429 2412 1674 2463 ἑλέπτολις,

584 2490 630 2533 ἐκ
650 2493 735 2533 τῶν
752 2488 998 2544 ἁβροτίμων
1017 2486 1388 2545 προκαλυμμάτων
1407 2485 1611 2531 ἔπλευσε.

234 2590 568 2649 Studiosius
596 2591 725 2659 ista,
756 2608 975 2666 quae80,
1006 2588 1316 2652 attendite,

584 2705 830 2761 προνοίαισι
850 2706 927 2748 τοῦ
946 2703 1226 2761 πεπρωμένου

582 2779 798 2835 γλῶσσαν
818 2775 864 2821 ἐν
883 2778 993 2835 τυχᾷ
1013 2774 1163 2833 νέμων.

234 2878 557 2937 Invenietis
599 2879 1084 2956 paucissimorum
1124 2895 1265 2936 sane
1303 2876 1619 2934 verborum
1654 2869 1985 2942 formulam,

232 2977 337 3034 sed
365 2995 494 3052 quae
524 2976 851 3034 doctrinam
880 2975 1099 3033 habeat
1129 2994 1205 3033 ex
1234 2975 1513 3031 interiore
1542 2991 1778 3050 prorsus
1807 2970 1987 3048 adyto

231 3071 634 3130 hauriendam.
719 3071 760 3129 J
762 3071 934 3129 udice
974 3071 1254 3129 nimirum
1284 3069 1582 3146 AEschon,
1612 3069 1842 3145 linguas
1883 3068 1987 3123 ho-

232 3168 462 3225 minum
500 3186 619 3224 non
658 3186 812 3225 caeca
846 3186 987 3237 som,
1017 3186 1138 3225 non
1178 3167 1383 3225 insana
1425 3165 1579 3243 regit
1618 3164 1836 3232 libid03·
1882 3165 1984 3220 sed

233 3264 419 3331 adest,
449 3264 616 3321 adest
644 3282 906 3341 praesaga
933 3264 1133 3322 nescio
1163 3283 1294 3339 quae
1325 3264 1431 3331 viS,
1460 3269 1592 3320 tum
1633 3263 1696 3318 in
1734 3261 1986 3318 nomini-

232 3358 344 3417 bus
372 3357 716 3436 deligendiS,
739 3366 870 3418 tum
898 3361 960 3417 in
989 3360 1076 3427 iis,
1106 3378 1242 3435 quae
1271 3378 1348 3417 ex
1378 3378 1479 3417 ore
1506 3358 1815 3416 hominum
1846 3376 1985 3414 casu

233 3453 509 3530 quopiam
560 3455 836 3514 videntur
883 3456 1174 3513 excidere.
1262 3455 1420 3532 Ergo
1467 3473 1544 3512 ex
1590 3453 1700 3511 hac
1751 3471 1985 3529 quoque

349 3615 373 3645 d
402 3616 554 3672 Ayam.
578 3602 680 3673 340.
989 3625 1008 3647 e
1040 3617 1149 3660 Ihm.
1173 3617 1274 3674 833.
1586 3615 1603 3645 1⁷
1631 3615 1742 3659 Ibid.
1765 3614 1866 3667 664.

1053 3709 1090 3748 B
1121 3692 1159 3748 b
