2320 4126
153 262 306 295 PRAEL.
332 261 400 294 1v.
477 242 752 292 Insaniam
778 241 1135 309 quodammodo
1164 242 1397 311 conjunyi
1422 262 1532 294 cum
1554 247 1713 296 Poe-si.
1836 250 1904 298 43

156 384 316 449 laus;
372 382 471 437 sed
521 400 638 436 non
686 381 797 436 erit
845 399 914 436 ea
956 380 1273 437 Poetarum
1325 383 1575 456 propria,
1617 385 1903 457 siquidem

155 479 458 556 proverbia
498 485 634 533 sunt
681 478 1005 544 audienda;
1051 497 1302 551 quorum
1339 480 1398 533 in
1447 481 1743 535 communi
1789 500 1906 537 ser-

155 593 327 631 mone
355 574 666 630 statuendo
698 591 928 627 summa
957 591 1186 646 semper
1216 580 1305 628 est
1334 573 1538 630 habita
1567 576 1904 632 auctoritas

157 670 244 727 At
289 689 423 725 vero
467 667 569 723 illa
609 668 806 723 omnia
844 668 1145 723 nobiscum
1196 667 1440 735 faciunt,
1478 689 1607 725 eam
1652 669 1906 728 Poeticae

156 766 521 840 voluptatem
557 762 972 829 tribuentibUS,
1009 781 1153 836 quae,
1195 764 1305 820 nisi
1348 771 1556 820 natura
1590 773 1904 839 praeeunte,

155 881 271 918 non
316 861 490 916 modo
527 860 762 933 penitus
806 859 1002 924 edisci,
1046 859 1146 914 sed
1186 879 1262 915 ne
1304 861 1618 915 desiderari
1650 861 1904 934 quidem,

158 975 347 1030 neque
376 955 498 1010 ulla
527 974 601 1010 ex
631 960 799 1028 parte
827 953 1078 1029 intelligi
1109 954 1307 1027 possit.

240 1051 455 1124 Neque
503 1068 639 1105 vero
692 1068 808 1105 non
855 1056 945 1104 est
995 1049 1292 1115 credibile,
1335 1049 1451 1106 huc
1496 1068 1627 1106 eam
1675 1069 1907 1124 quoque

155 1154 418 1222 spectare
476 1145 851 1213 sententiam,
912 1164 1040 1217 quae
1099 1145 1294 1201 colore
1346 1146 1600 1219 quodam
1660 1146 1908 1202 insania?

154 1260 494 1318 germanum
546 1248 742 1296 vatem
794 1239 943 1314 tingi
992 1239 1260 1296 voluerit.
1352 1240 1671 1308 Nimirum,
1721 1249 1788 1297 ut
1833 1243 1905 1297 ad

154 1339 407 1412 primum
449 1337 594 1393 illud
641 1343 916 1402 revertar,
954 1355 1146 1410 neque
1195 1335 1532 1412 flagrantior
1578 1338 1903 1393 animorum

154 1433 416 1499 affectuS‚
447 1452 638 1507 neque
668 1432 716 1488 is
745 1433 845 1506 qui
876 1433 1058 1488 nimia
1088 1431 1316 1488 laborat
1347 1434 1711 1507 aegritudine,
1736 1433 1907 1489 facile

154 1528 261 1584 sibi
303 1528 576 1603 denegari
625 1528 849 1602 patitur
894 1527 1078 1583 libere
1125 1528 1286 1601 quasi
1337 1528 1625 1601 spatiandi
1675 1527 1902 1585 locum:

153 1631 555 1698 quantumque
596 1643 863 1699 auguror,
898 1624 964 1679 fit
1004 1643 1121 1679 non
1161 1637 1290 1679 raro
1328 1642 1432 1697 per
1467 1624 1690 1680 furores
1733 1624 1907 1680 hosce

153 1721 430 1795 poeticOS‚
479 1726 547 1775 ut
593 1719 861 1775 homines
901 1720 974 1775 ad
1015 1738 1212 1775 veram
1261 1719 1623 1774 dementiam
1667 1738 1741 1774 ne
1787 1720 1910 1775 adi-

152 1822 382 1890 gantur.
492 1814 703 1888 Itaque
755 1821 815 1870 et
864 1814 1242 1870 Democritus
1293 1814 1395 1870 ille
1450 1815 1637 1870 fertur
1689 1823 1908 1872 “sanos

155 1909 446 1967 Helicone
488 1910 737 1966 Poetas’'
785 1910 1137 1966 exclusisse:
1183 1918 1245 1965 et
1287 1909 1459 1966 Plato
1509 1912 1716 1984 saepius
1757 1912 1909 1985 ejus-

153 2009 311 2064 modi
347 2006 621 2081 proponit
652 2007 862 2062 edicta.
935 2005 1047 2064 “Os-
1081 2005 1125 2061 δ’
1161 2004 1244 2070 ἂν,
1283 2006 1491 2080 inquit,
1533 2004 1686 2061 ⁰5in
1721 2008 1908 2073 μανίας

155 2101 395 2158 Μουσῶν
433 2101 521 2157 ἐπὶ
563 2099 846 2167 ποιητικὰς
887 2102 1045 2178 θύρας·
1088 2101 1373 2179 ἀφίκηται,
1413 2100 1652 2159 πεισθεὶς
1692 2103 1756 2161 ὡς
1800 2100 1907 2180 ἄρα

153 2199 208 2254 ἐκ
237 2198 429 2275 τέχνης
457 2199 640 2258 ἱκανῶς
670 2197 896 2263 ποιητὴς·
926 2196 1199 2263 ἐσόμενος,
1231 2196 1429 2261 ἀτελὴς·
1459 2196 1623 2257 αὐτός’
1663 2223 1728 2254 τε
1761 2198 1846 2254 καὶ
1879 2201 1907 2264 ἡ

154 2293 369 2360 ποίησις
417 2291 522 2349 ὑπὸ
574 2299 670 2359 τῆς·
720 2297 827 2349 τῶν
876 2291 1201 2359 μαινομένων
1254 2295 1282 2358 ἦ
1335 2296 1439 2349 τοῦ
1489 2298 1909 2371 σωφρονοῦντος

153 2389 445 2468 ἠφανίσθη.
535 2389 733 2457 Quid?
791 2390 915 2463 ipse
948 2394 1152 2445 vatum
1174 2388 1508 2464 Anglorum
1536 2389 1907 2464 Coryphaeus,

154 2504 347 2540 nonne
394 2485 506 2540 tria
551 2484 720 2540 nobis
771 2503 987 2560 genera
1037 2484 1262 2547 statuit,
1315 2491 1597 2557 tanquam
1647 2485 1803 2540 inter
1847 2504 1908 2541 se

155 2587 405 2656 cognata
448 2587 509 2636 et
554 2580 801 2647 similia3
853 2581 1108 2655 primum
1155 2597 1356 2635 eorum
1395 2580 1494 2652 qui
1534 2587 1736 2635 mente
1773 2587 1909 2636 sunt

157 2677 333 2750 capti,
358 2676 609 2732 alterum
635 2677 978 2741 amantium,
1004 2675 1249 2731 tertium
1270 2672 1658 2731 Poetarumd?
1709 2675 1908 2732 Nemo

156 2779 358 2828 autem
382 2772 726 2827 insanientis
749 2789 875 2826 esse
900 2771 1130 2835 dixerit,
1155 2789 1348 2844 neque
1378 2778 1710 2827 accuratam
1734 2773 1908 2829 istam

156 2867 543 2940 omnibusque
574 2867 832 2923 numeris
862 2866 1188 2923 absolutam
1220 2867 1465 2934 μίμησιν,
1490 2886 1680 2941 neque
1712 2887 1907 2924 rerum

155 2962 583 3035 verborumque
607 2961 1060 3036 pulcherrimam
1086 2961 1248 3018 illam
1273 2961 1679 3019 Harmoniam.
1748 2963 1909 3030 Quin

153 3058 487 3123 statuimus,
536 3057 731 3113 neutri
780 3057 1007 3124 harum,
1054 3057 1400 3131 simpliciter
1450 3064 1512 3113 et
1559 3077 1635 3113 ex
1683 3077 1787 3114 sua
1832 3059 1905 3123 vi,

154 3153 436 3210 universae
489 3153 743 3210 Poeseos
801 3160 996 3228 partes
1059 3153 1199 3220 dari,
1254 3154 1353 3209 sed
1419 3153 1519 3227 qui
1577 3152 1667 3209 his
1720 3153 1905 3210 veluti

699 3334 715 3353 ⁶
738 3327 792 3370 In
816 3327 1020 3371 Phaedro.
1043 3335 1075 3370 t.
1098 3327 1157 3370 iii.
1183 3338 1283 3383 245.
1307 3327 1365 3369 A.

391 3431 407 3456 ‘¹
429 3431 564 3474 “The
587 3431 790 3483 Lunatic,
813 3432 889 3475 the
911 3432 1067 3483 Lover,
1091 3431 1178 3475 and
1200 3431 1274 3474 the
1298 3431 1420 3481 Poet,

467 3503 556 3547 Are
577 3503 626 3545 of
642 3503 930 3560 imagination
952 3504 1009 3547 all
1031 3503 1283 3559 compact,''
1307 3509 1388 3546 etc.

1081 3575 1121 3605 M
1124 3574 1186 3606 ids.
1203 3574 1348 3613 Night's
1371 3574 1519 3605 Dream.
