2320 4126
343 182 454 234 232
579 180 882 245 Homerum,
908 199 1022 234 cum
1048 183 1228 253 efflui&
1256 182 1475 235 divitias
1499 182 1771 235 admirari
1793 206 1809 236 .·
1851 201 2012 242 PRAEL,
2034 203 2149 235 xlv,

1880 281 1909 301 Ι

347 325 634 385 vilissima
664 326 842 403 plebe
873 333 1080 404 ageret
1111 327 1338 407 absque
1369 327 1827 403 contemptione
1861 334 1924 385 et
1956 328 2153 404 despi-

349 426 589 483 cientia.
1243 411 1247 414 v

436 523 575 593 Quo
624 524 809 581 etiam
863 523 1015 581 illud
1070 524 1374 599 pertinere
1419 525 1789 581 credendum
1836 532 1946 592 est,
1992 525 2154 600 quod

349 641 494 697 opes
518 627 582 679 et
613 620 828 678 luxum
853 621 1303 680 fortunatorum
1329 623 1778 699 contemplatur
1800 623 1990 679 ferme
2016 642 2155 680 cum

351 719 609 796 simplici
656 721 915 796 quadam
963 721 1365 778 admiratione
1386 740 1400 790 ;
1469 722 1570 797 qui
1617 722 1974 798 plerumque
2024 741 2157 779 mos

352 828 445 877 est
494 819 773 896 pauperis
820 837 926 888 sua
980 826 1143 876 sorte
1193 821 1486 878 contenti.
1579 820 1995 878 Pulcherrima
2052 819 2160 877 ha„

351 918 575 976 bentur
604 918 667 974 in
700 917 813 974 hoc
844 918 1044 994 capite
1076 919 1153 976 de
1185 918 1560 977 Telemacho
1591 921 1855 996 primum
1891 920 2159 977 intrante

353 1016 582 1093 regiam
615 1014 888 1074 Menelai
924 1017 1190 1090 domum,
1224 1016 1494 1078 Orientis
1514 1019 1644 1095 jam
1683 1018 1887 1095 spoliis
1918 1018 2162 1097 ampli&

355 1115 506 1181 sime
537 1123 868 1181 ornatamP.
2024 1101 2031 1106 ⁴

604 1235 1568 1285 .................,.....οἱδε“ἵδοντεε

600 1307 821 1366 θαύμαζον
842 1310 951 1360 κατὰ
968 1310 1090 1368 δῶμα
1114 1310 1387 1369 Διοτρεφέος
1406 1312 1642 1368 βασιλῆος,

601 1382 719 1426 ὥστε
739 1381 825 1441 γὰρ
847 1379 997 1438 ἠελίου
1019 1381 1151 1442 αἴγλη
1173 1382 1311 1428 πέλεν
1331 1386 1379 1441 ἠέ
1403 1382 1593 1441 σελήνης

603 1454 726 1512 δῶμα
748 1454 840 1499 καθ’
865 1455 1097 1514 ὑψερεφὲς
1119 1456 1351 1501 Μενελάου
1372 1457 1630 1514 κυδαλίμοιο
1638 1490 1799 1502 ......

603 1529 772 1587 (Ιαῦτὰρ
795 1529 890 1574 ἐπεὶ
910 1531 1072 1577 πόσιος
1093 1529 1163 1575 καὶ
1185 1529 1364 1587 ἐδητύος
1385 1531 1434 1588 ἐξ
1455 1532 1557 1590 ἔρον
1578 1530 1692 1584 ἕντο,

607 1603 657 1659 δὴ
681 1605 782 1647 τότε
804 1603 1065 1662 Τηλέμαχος
1085 1605 1378 1663 προσεφώνεε
1400 1606 1631 1663 Νεστόρος
1651 1605 1758 1656 υἱόν,

604 1675 711 1741 ἄγχι
733 1678 860 1736 σχὼν
882 1676 1098 1736 κεφαλήν,
1120 1675 1190 1722 ἵνα
1210 1678 1268 1735 μὴ
1291 1677 1516 1723 πευθοίαθ’
1540 1679 1581 1722 οἶ
1603 1677 1752 1723 ἄλλον

605 1753 791 1810 φράζεο,
815 1751 1083 1811 Νεστορίδῃ,
1106 1754 1167 1813 τῷ
1191 1752 1279 1812 ἐμῷ
1303 1751 1594 1811 κεχαρισμένε
1616 1752 1756 1812 θυμῷ,

606 1827 778 1884 χαλκοῦ
800 1844 847 1870 τε
871 1826 1094 1884 στεροπὴν
1117 1826 1198 1870 κὰδ
1221 1827 1398 1884 δώματα
1419 1824 1623 1885 ἠχήεντα,

601 1903 778 1959 χρυσοῦ
799 1898 835 1944 τ’
859 1898 1074 1958 ἠλέκτρου
1095 1918 1144 1944 τε
1165 1900 1236 1944 καὶ
1258 1899 1453 1959 ἀργύρου
1474 1898 1542 1957 ἧδ’
1567 1900 1830 1959 ἐλέφαντος·

607 1975 742 2030 Ζηνός
762 1992 848 2018 που
870 1972 1018 2030 τοιήδε
1037 1972 1079 2033 γ’
1101 1971 1351 2031 Ὀλυμπίου
1373 1973 1551 2019 ἔνδοθεν
1571 1972 1700 2031 αὐλή.

608 2047 731 2093 ὅσσα
753 2046 845 2092 τάδ’
870 2047 1043 2092 ἄσπετα
1064 2048 1232 2094 πολλά·
1268 2047 1409 2101 σέβας
1429 2047 1471 2106 μ’
1496 2049 1589 2106 ἕχει
1612 2048 1895 2104 εἷσορόωντα.

366 2152 600 2210 Eadem
632 2152 823 2209 ferme
852 2171 1026 2212 mens
1058 2159 1150 2210 est
1183 2152 1419 2236 Ulyssis
1449 2153 1795 2221 accedentis
1826 2152 1902 2211 ad
1927 2150 2173 2211 Alcinoi

365 2252 543 2314 fores.

455 2352 638 2425 Quid,
679 2353 839 2428 quod
886 2354 1074 2411 etiam
1117 2353 1279 2410 inter
1316 2352 1537 2411 Manes
1576 2352 1725 2410 fecit
1761 2350 2178 2430 Agamemno÷

368 2472 510 2510 nem
562 2452 794 2509 moveri
847 2451 945 2509 vel
997 2452 1292 2510 memoria
1345 2452 1659 2520 donorum,
1707 2451 1925 2528 quibus
1978 2452 2175 2516 ornari

369 2552 603 2609 viderat
636 2548 898 2608 Achillis
929 2551 1247 2626 exsequias
1259 2558 1299 2613 r,
1733 2533 1737 2537 ⁴

614 2669 694 2726 ἤδη
715 2667 795 2726 μὲν
814 2666 991 2716 πολέων
1011 2667 1141 2728 τάφῳ
1162 2666 1332 2725 ἀνδρῶν
1352 2666 1650 2724 ἀντεβόλησα,

614 2742 782 2800 ἡρώων,
806 2740 880 2786 ὅτε
902 2741 974 2786 κέν
993 2740 1092 2786 ποτ’
1115 2740 1422 2800 ἀποφθιμένου
1443 2742 1666 2798 βασιλῆος

617 2813 851 2869 ζώννυνταί
871 2832 920 2857 τε
941 2812 1045 2865 νέοι,
1068 2813 1138 2857 καὶ
1161 2811 1464 2857 ἐπεντύνονται
1486 2812 1640 2857 ἄεθλα·

616 2888 736 2932 ἀλλά
758 2906 806 2931 κε
828 2890 946 2932 κεῖνα
966 2888 1166 2944 μάλιστα
1187 2886 1292 2931 ἷδὼν
1314 2884 1525 2943 ἐτεθήπεα
1546 2886 1684 2946 θυμῷ.

377 2993 626 3058 Patricii
659 2993 767 3057 viri
801 2992 1076 3069 profecto
1112 3012 1234 3051 non
1271 3000 1420 3064 erat,
1451 3012 1649 3068 neque
1691 2992 1819 3068 ejus
1849 2991 1952 3067 qui
1989 2990 2179 3048 abun-

378 3095 549 3151 daret
580 3091 812 3168 opibus,
835 3097 906 3148 ut
938 3090 1090 3156 tales
1119 3110 1213 3149 res
1243 3098 1372 3153 tam
1404 3091 1799 3155 vehementer
1829 3090 2178 3167 suspiceret,

378 3199 486 3258 aut
516 3197 682 3248 certe
713 3189 959 3266 quidem
991 3196 1060 3246 ut
1091 3208 1154 3246 se
1186 3190 1486 3265 suspicere
1517 3189 1826 3249 fateretur..

469 3288 679 3346 Multo
730 3289 922 3366 magis
975 3295 1105 3347 erat
1144 3287 1481 3365 indignum,
1528 3286 1705 3345 valde
1749 3286 2021 3344 laborare
2072 3285 2181 3342 ali-

380 3407 563 3464 quem
624 3387 700 3451 de
761 3387 1031 3452 vestibus
1088 3394 1195 3445 aut
1254 3386 1502 3464 poculis,
1564 3386 1772 3448 aliisve
1839 3386 1901 3443 id
1968 3401 2178 3462 genUS‚

502 3617 520 3646 Ρ
554 3608 646 3654 Od.
670 3610 728 3654 iv.
753 3624 827 3668 43.
1196 3617 1219 3647 ‘1
1250 3609 1310 3653 iv.
1335 3609 1407 3653 68.
1788 3615 1807 3639 ¹·
1838 3607 1960 3652 xxiv.
1985 3607 2059 3664 87.
