2320 4126
355 224 465 276 102
788 221 1017 276 Achillis
1042 239 1165 294 crya
1189 221 1408 274 seniores
1434 220 1740 273 reverentia.
1878 238 2041 271 PRAEL.
2066 237 2154 271 vu.

357 371 486 448 ejus
537 388 678 428 cum
725 368 968 427 Priamo
1016 368 1318 445 colloquio
1365 374 1681 426 narratur:
1746 386 1866 443 quo
1912 367 1977 424 in
2022 364 2159 424 loco

357 488 596 547 semper
660 468 866 527 videre
928 468 1080 526 mihi
1147 468 1357 525 videor
1425 463 1804 525 verissimum
1870 463 2161 542 temporis

356 568 584 627 heroici
615 567 943 645 specimen.

599 676 735 722 αὕτικ’
757 675 844 722 ἀπὸ
867 676 1027 735 θρόνου
1049 673 1181 736 ὦρτο,
1202 675 1392 735 γέροντα
1413 674 1462 719 δὲ
1482 676 1634 734 χειρὸς
1653 674 1826 732 ἀνίστη,

600 750 824 809 οἰκτείρων
843 750 1004 794 πολιόν
1023 767 1072 793 τε
1094 749 1219 808 κάρη,
1240 749 1402 793 πολιόν
1422 766 1471 792 τε
1490 747 1660 808 γένειον
1668 753 1707 792 ⁹0.

359 843 444 902 Et
473 848 610 920 post
639 839 862 918 pau110‚

599 947 701 993 ἀλλ’
725 946 805 1006 dy}
827 946 881 1003 δὴ
903 946 974 990 καὶ
996 951 1072 993 νῶι
1093 946 1341 1004 μεδώμεθα,
1364 947 1431 991 δῖε
1451 947 1618 1007 γεραιὲ,

603 1022 748 1074 σίτου,
771 1019 923 1065 ε’πειτά
943 1038 1015 1065 κεν
1036 1021 1140 1065 αὔτε
1161 1020 1301 1079 φίλον
1320 1021 1455 1065 παῖδα
1478 1019 1730 1072 κλαίοισθα,

590 1093 738 1140 Ἴλιον
757 1091 1021 1153 εἷσαγάγων·
1054 1092 1387 1151 πολυδάκρυτος
1409 1093 1460 1138 δέ
1478 1111 1547 1138 τοι
1567 1093 1774 1139 ἔσται.-

603 1167 743 1226 αὐτὰρ
765 1166 860 1212 ἐπεὶ
880 1168 1042 1212 πόσιος
1063 1167 1134 1211 καὶ
1157 1165 1337 1224 ε’δήτυος
1358 1167 1408 1225 ἐξ
1429 1167 1532 1224 ἔρον
1552 1165 1667 1219 ἕντο,

601 1243 697 1299 ἤτοι
719 1239 993 1298 Δαρδανίδης
1014 1239 1216 1298 Πρίαμος
1237 1239 1422 1298 θαύμαζ’
1443 1239 1647 1299 Ἀχιλῆα,

604 1313 750 1361 ὅσσος
771 1313 861 1371 ἔην,
884 1312 976 1361 οἷός
996 1327 1059 1359 τε·
1095 1314 1239 1360 θεοῖσι
1259 1315 1345 1374 γὰρ
1368 1314 1476 1360 ὅντα
1497 1312 1635 1374 ἐῴκει·

605 1387 743 1446 αὐτὰρ
766 1387 1042 1447 Δαρδανίδην
1062 1388 1264 1447 Πρίαμον
1284 1387 1501 1446 θαύμαζεν
1519 1386 1772 1445 Ἀχιλλεὺς,

604 1461 821 1520 εἶσορόων
841 1459 954 1520 ὄψιν
973 1460 1010 1505 τ’
1034 1460 1216 1521 ἀγαθὴν,
1240 1462 1310 1505 καὶ
1331 1460 1472 1519 μῦθον
1491 1460 1675 1506 ἀκούων.

450 1552 568 1612 His
600 1553 847 1611 omnino
879 1559 1354 1611 consentaneum
1388 1559 1536 1622 erat,
1561 1559 1632 1611 ut
1661 1551 1884 1630 insigni
1909 1551 2170 1629 quadam

363 1652 703 1712 reverentia
726 1652 884 1710 viros
913 1658 1384 1729 prosequeretur
1413 1658 1593 1710 aetate
1622 1658 1958 1728 provectos·
2050 1649 2176 1708 Ita-

365 1772 485 1828 que
509 1750 818 1818 Phoenica‚
851 1769 1199 1827 quanquam
1225 1747 1677 1827 Agamemnoni
1707 1750 2173 1828 gratificantem,

364 1849 701 1908 lautissimo
767 1848 1052 1926 hospitiO,
1120 1847 1513 1907 blandissimo
1582 1868 1859 1908 sermone
1926 1848 2173 1924 excipit.

369 1948 637 2007 Nestora
665 1947 826 2005 ludis
856 1946 1222 2006 assidentem
1255 1947 1454 2005 verbis
1483 1948 1955 2023 muneribusque
1986 1945 2178 2004 ambi-

367 2046 523 2103 tiose
576 2044 740 2114 colit,
793 2044 871 2103 ab
924 2064 1118 2121 eoque
1166 2046 1429 2103 vicissim
1482 2065 1582 2104 eas
1637 2051 1907 2122 reportat
1956 2050 2177 2122 grateS‚

369 2145 588 2221 quibus
638 2143 907 2202 maxime
959 2143 1167 2201 decuit
1217 2162 1579 2221 generosum
1620 2145 1914 2220 juvenem
1966 2163 2002 2201 a
2044 2161 2180 2221 gra-

369 2243 614 2303 vissimo
645 2262 788 2302 sene
819 2243 1035 2301 ornari.

613 2354 745 2398 τοῦτο
767 2351 804 2398 δ’
829 2351 917 2412 ἐγὼ
938 2353 1160 2412 πρόφρων
1180 2351 1381 2411 δέχομαι,
1402 2354 1549 2412 χαίρει
1571 2352 1621 2398 δέ
1640 2371 1717 2411 μοι
1736 2350 1861 2411 ἦτορ,

614 2428 673 2473 ὥς
692 2445 774 2484 μευ
795 2426 863 2471 ἀεὶ
883 2426 1104 2484 μέμνησαι
1125 2425 1286 2483 ἐνηέος,
1307 2426 1411 2471 οὐδέ
1431 2446 1487 2472 σε
1507 2425 1646 2484 λήθω,

615 2503 743 2559 τιμῆς
763 2499 813 2558 ἧς
834 2501 886 2546 τέ
902 2500 945 2559 μ’
969 2502 1083 2546 ἕοικε
1104 2501 1362 2559 τετιμῆσθαι
1382 2500 1474 2560 μετ’
1494 2500 1707 2560 Ἀχαιοῖς.

617 2575 693 2620 σοὶ
716 2574 764 2620 δὲ
786 2574 880 2620 θεοὶ
901 2574 1026 2621 τῶνδ’
1049 2574 1145 2621 ἀντὶ
1164 2574 1295 2635 χάριν
1313 2575 1537 2633 μενοεικέα
1557 2576 1721 2622 δοῖενῦ.

377 2665 500 2735 Qui
568 2685 775 2725 versus
840 2668 1050 2744 ipsam,
1119 2673 1192 2725 ut
1257 2667 1404 2724 mihi
1476 2667 1731 2736 videtur,
1795 2665 2180 2744 elegantioris

375 2764 775 2823 humanitatis
806 2764 1034 2842 spirant
1064 2765 1348 2823 animam.

464 2860 690 2938 Neque
741 2883 884 2922 vero
936 2883 1046 2922 nos
1097 2864 1161 2921 in
1208 2864 1390 2923 meris
1434 2864 1684 2943 argutiis
1734 2869 1913 2940 putet
1965 2851 2181 2938 aliquis

378 2960 587 3036 inepte
626 2961 866 3030 morari,
904 2962 953 3021 si
992 2981 1184 3020 unum
1229 2969 1293 3020 et
1337 2961 1598 3021 alterum
1642 2962 1935 3020 addamus
1975 2961 2051 3018 de
2089 2960 2182 3029 iis,

381 3077 519 3134 quae
570 3064 862 3135 tanquam
922 3059 1178 3117 fortuito
1237 3067 1302 3118 et
1360 3060 1526 3118 aliud
1585 3060 1819 3138 agendo
1873 3059 2183 3118 declarant

382 3155 692 3214 fortissimi
740 3157 853 3214 viri
905 3157 1072 3225 3009:
1133 3158 1259 3216 sive
1305 3157 1595 3217 Phthiam
1647 3158 1751 3216 ille
1799 3177 1970 3216 suam
2021 3157 2183 3215 fideli

382 3255 676 3314 memoria
706 3262 1038 3326 conservet,
1062 3263 1315 3315 moestus
1338 3257 1623 3316 videlicet
1647 3257 1943 3315 desiderio
1966 3256 2184 3315 natalis

385 3353 514 3423 soli,
545 3361 971 3434 uotorumque,
1002 3356 1221 3433 quibus
1251 3377 1402 3434 puer
1429 3358 1708 3425 assuevit,
1740 3357 2048 3416 locorum:

1043 3515 1054 3526 .
1090 3515 1100 3526 .
1135 3481 1255 3539 ἐπειὴ
1276 3480 1396 3540 μάλα
1415 3482 1566 3527 πολλὰ
1586 3481 1750 3540 μεταξὺ

692 3552 836 3612 Οὕρεά
856 3573 903 3598 τε
926 3557 1142 3608 σκιόεντα,
1167 3553 1377 3600 θάλασσά
1397 3575 1445 3600 τε
1465 3554 1674 3614 ἠχήεσσα
1693 3560 1714 3586 ⁰
1751 3583 1768 3600 ,ν
1798 3590 1808 3599 .
1845 3589 1856 3600 .

633 3661 657 3686 a
689 3654 743 3700 ΙΙ.
765 3656 887 3702 xxiv.
910 3668 1015 3715 515.
1220 3656 1245 3688 b
1275 3637 1400 3703 κ’κίὶί.
1425 3655 1529 3715 647.
1735 3663 1757 3686 c
1789 3655 1817 3699 i.
1846 3654 1945 3712 156.
