<?xml version="1.0" encoding="UTF-8"?>
<!DOCTYPE html PUBLIC "-//W3C//DTD XHTML 1.0 Transitional//EN"
    "http://www.w3.org/TR/xhtml1/DTD/xhtml1-transitional.dtd">
<html xmlns="http://www.w3.org/1999/xhtml" xml:lang="en" lang="en">
 <head>
  <title>
</title>
<meta http-equiv="Content-Type" content="text/html;charset=utf-8" />
  <meta name='ocr-system' content='tesseract 3.04.00' />
  <meta name='ocr-capabilities' content='ocr_page ocr_carea ocr_par ocr_line ocrx_word'/>
</head>
<body>
  <div class='ocr_page' id='page_1' title='image "./a588873901kebluoft_0297.png"; bbox 0 0 2320 4126; ppageno 0'>
   <div class='ocr_carea' id='block_1_1' title="bbox 0 1715 38 2844">
    <p class='ocr_par' dir='ltr' id='par_1_1' title="bbox 0 1715 38 2844">
     <span class='ocr_line' id='line_1_1' title="bbox 0 1715 38 2844; textangle 90"><span class='ocrx_word' id='word_1_1' title='bbox 4 2835 12 2844; x_wconf 91' lang='lat'><em>-</em></span> <span class='ocrx_word' id='word_1_2' title='bbox 0 2344 26 2818; x_wconf 39' lang='lat' dir='ltr'><em>msa-‹zsszxs-»4QWW</em></span> <span class='ocrx_word' id='word_1_3' title='bbox 24 2418 29 2426; x_wconf 64' lang='lat'><strong>„</strong></span> <span class='ocrx_word' id='word_1_4' title='bbox 18 2376 25 2393; x_wconf 23' lang='grc' dir='ltr'>μ</span> <span class='ocrx_word' id='word_1_5' title='bbox 2 1836 38 2344; x_wconf 46' lang='lat' dir='ltr'><em>15·f.-⁹n÷³:,2&gt;2⁴-1--222-*</em></span> <span class='ocrx_word' id='word_1_6' title='bbox 11 1715 21 1730; x_wconf 65' lang='grc'><em>»-</em></span> 
     </span>
    </p>
   </div>
   <div class='ocr_carea' id='block_1_2' title="bbox 325 1237 1877 1344">
    <p class='ocr_par' dir='ltr' id='par_1_2' title="bbox 325 1237 1877 1344">
     <span class='ocr_line' id='line_1_2' title="bbox 325 1237 1877 1344; baseline -0.003 -3"><span class='ocrx_word' id='word_1_7' title='bbox 325 1237 920 1344; x_wconf 72' lang='lat' dir='ltr'>PRAELECTIO</span> <span class='ocrx_word' id='word_1_8' title='bbox 975 1275 1363 1342; x_wconf 79' lang='lat' dir='ltr'><strong>DECIMA</strong></span> <span class='ocrx_word' id='word_1_9' title='bbox 1425 1271 1877 1340; x_wconf 80' lang='lat' dir='ltr'><em>sEPT1MA.</em></span> 
     </span>
    </p>
   </div>
   <div class='ocr_carea' id='block_1_3' title="bbox 231 1712 1977 2272">
    <p class='ocr_par' dir='ltr' id='par_1_3' title="bbox 231 1712 1977 2272">
     <span class='ocr_line' id='line_1_3' title="bbox 231 1712 1974 1773; baseline -0.002 -13"><span class='ocrx_word' id='word_1_10' title='bbox 231 1717 499 1773; x_wconf 75' lang='lat' dir='ltr'><em>Trayoediam</em></span> <span class='ocrx_word' id='word_1_11' title='bbox 515 1716 682 1773; x_wconf 82' lang='lat' dir='ltr'><em>Epicae,</em></span> <span class='ocrx_word' id='word_1_12' title='bbox 701 1716 888 1759; x_wconf 86' lang='lat' dir='ltr'><em>Homero</em></span> <span class='ocrx_word' id='word_1_13' title='bbox 905 1715 1167 1772; x_wconf 78' lang='lat' dir='ltr'><em>AEschylum</em></span> <span class='ocrx_word' id='word_1_14' title='bbox 1187 1714 1323 1758; x_wconf 78' lang='lat' dir='ltr'><em>multa</em></span> <span class='ocrx_word' id='word_1_15' title='bbox 1343 1714 1491 1757; x_wconf 81' lang='lat' dir='ltr'><em>multis</em></span> <span class='ocrx_word' id='word_1_16' title='bbox 1512 1728 1562 1757; x_wconf 71' lang='grc' dir='ltr'><em>εει·</em></span> <span class='ocrx_word' id='word_1_17' title='bbox 1571 1713 1778 1771; x_wconf 81' lang='lat' dir='ltr'><em>partibus</em></span> <span class='ocrx_word' id='word_1_18' title='bbox 1798 1712 1947 1757; x_wconf 87' lang='lat' dir='ltr'><em>debere</em></span> <span class='ocrx_word' id='word_1_19' title='bbox 1961 1735 1974 1757; x_wconf 90' lang='lat'><em>.-</em></span> 
     </span>
     <span class='ocr_line' id='line_1_4' title="bbox 282 1785 1977 1845; baseline -0.002 -14"><span class='ocrx_word' id='word_1_20' title='bbox 282 1788 528 1845; x_wconf 82' lang='lat' dir='ltr'><em>discrepare</em></span> <span class='ocrx_word' id='word_1_21' title='bbox 561 1793 701 1831; x_wconf 81' lang='lat' dir='ltr'><em>autem</em></span> <span class='ocrx_word' id='word_1_22' title='bbox 725 1788 894 1844; x_wconf 83' lang='lat' dir='ltr'><em>partim</em></span> <span class='ocrx_word' id='word_1_23' title='bbox 925 1787 1112 1830; x_wconf 74' lang='lat' dir='ltr'><em>dictione</em></span> <span class='ocrx_word' id='word_1_24' title='bbox 1147 1787 1287 1829; x_wconf 83' lang='lat' dir='ltr'><em>minus</em></span> <span class='ocrx_word' id='word_1_25' title='bbox 1313 1786 1472 1841; x_wconf 88' lang='lat' dir='ltr'><em>facili,</em></span> <span class='ocrx_word' id='word_1_26' title='bbox 1506 1786 1677 1842; x_wconf 81' lang='lat' dir='ltr'><em>partim</em></span> <span class='ocrx_word' id='word_1_27' title='bbox 1711 1785 1977 1841; x_wconf 83' lang='lat' dir='ltr'><em>simpliciore</em></span> 
     </span>
     <span class='ocr_line' id='line_1_5' title="bbox 282 1856 1976 1917; baseline -0.004 -14"><span class='ocrx_word' id='word_1_28' title='bbox 282 1861 560 1903; x_wconf 75' lang='lat' dir='ltr'><em>historiarum</em></span> <span class='ocrx_word' id='word_1_29' title='bbox 575 1860 660 1916; x_wconf 88' lang='lat' dir='ltr'><em>filo</em></span> <span class='ocrx_word' id='word_1_30' title='bbox 676 1881 689 1903; x_wconf 92' lang='lat'><em>.-</em></span> <span class='ocrx_word' id='word_1_31' title='bbox 720 1860 771 1903; x_wconf 93' lang='lat' dir='ltr'><em>id</em></span> <span class='ocrx_word' id='word_1_32' title='bbox 789 1859 904 1917; x_wconf 85' lang='lat' dir='ltr'><em>quod</em></span> <span class='ocrx_word' id='word_1_33' title='bbox 922 1859 1133 1902; x_wconf 81' lang='lat' dir='ltr'><em>evincitur</em></span> <span class='ocrx_word' id='word_1_34' title='bbox 1152 1859 1199 1901; x_wconf 89' lang='lat' dir='ltr'><em>in</em></span> <span class='ocrx_word' id='word_1_35' title='bbox 1218 1872 1475 1915; x_wconf 81' lang='lat' dir='ltr'><em>unaquaque</em></span> <span class='ocrx_word' id='word_1_36' title='bbox 1500 1857 1743 1914; x_wconf 74' lang='lat' dir='ltr'><em>Trayoedia.</em></span> <span class='ocrx_word' id='word_1_37' title='bbox 1806 1856 1976 1913; x_wconf 69' lang='lat' dir='ltr'><em>Dispu-</em></span> 
     </span>
     <span class='ocr_line' id='line_1_6' title="bbox 281 1928 1977 1987; baseline -0.002 -13"><span class='ocrx_word' id='word_1_38' title='bbox 281 1937 431 1974; x_wconf 82' lang='lat' dir='ltr'><em>tantur</em></span> <span class='ocrx_word' id='word_1_39' title='bbox 463 1932 668 1974; x_wconf 82' lang='lat' dir='ltr'><em>nonnulla</em></span> <span class='ocrx_word' id='word_1_40' title='bbox 704 1931 755 1974; x_wconf 90' lang='lat' dir='ltr'><em>de</em></span> <span class='ocrx_word' id='word_1_41' title='bbox 791 1931 953 1982; x_wconf 83' lang='lat' dir='ltr'><em>ordine,</em></span> <span class='ocrx_word' id='word_1_42' title='bbox 986 1945 1068 1987; x_wconf 82' lang='lat' dir='ltr'><em>qno</em></span> <span class='ocrx_word' id='word_1_43' title='bbox 1101 1944 1276 1987; x_wconf 81' lang='lat' dir='ltr'><em>quoeqne</em></span> <span class='ocrx_word' id='word_1_44' title='bbox 1304 1930 1473 1985; x_wconf 71' lang='lat' dir='ltr'><em>scripta</em></span> <span class='ocrx_word' id='word_1_45' title='bbox 1489 1929 1653 1984; x_wconf 82' lang='lat' dir='ltr'><em>fuerit.</em></span> <span class='ocrx_word' id='word_1_46' title='bbox 1714 1928 1977 1984; x_wconf 78' lang='lat' dir='ltr'><em>AEschylum</em></span> 
     </span>
     <span class='ocr_line' id='line_1_7' title="bbox 282 1998 1975 2058; baseline -0.002 -14"><span class='ocrx_word' id='word_1_47' title='bbox 282 2001 524 2044; x_wconf 79' lang='lat' dir='ltr'><em>Homericis</em></span> <span class='ocrx_word' id='word_1_48' title='bbox 544 2001 905 2044; x_wconf 83' lang='lat' dir='ltr'><em>annumerandum</em></span> <span class='ocrx_word' id='word_1_49' title='bbox 925 2015 1014 2044; x_wconf 86' lang='lat' dir='ltr'><em>esse</em></span> <span class='ocrx_word' id='word_1_50' title='bbox 1033 2002 1102 2045; x_wconf 89' lang='lat' dir='ltr'><em>vel</em></span> <span class='ocrx_word' id='word_1_51' title='bbox 1123 2006 1306 2058; x_wconf 84' lang='lat' dir='ltr'><em>propter</em></span> <span class='ocrx_word' id='word_1_52' title='bbox 1327 2000 1572 2043; x_wconf 81' lang='lat' dir='ltr'><em>bellicosam</em></span> <span class='ocrx_word' id='word_1_53' title='bbox 1596 2013 1759 2042; x_wconf 86' lang='lat' dir='ltr'><em>venam.</em></span> <span class='ocrx_word' id='word_1_54' title='bbox 1815 1998 1975 2041; x_wconf 71' lang='lat' dir='ltr'><em>Exem-</em></span> 
     </span>
     <span class='ocr_line' id='line_1_8' title="bbox 277 2069 1976 2129; baseline -0.002 -14"><span class='ocrx_word' id='word_1_55' title='bbox 277 2073 370 2129; x_wconf 84' lang='lat' dir='ltr'><em>pla,</em></span> <span class='ocrx_word' id='word_1_56' title='bbox 399 2074 640 2129; x_wconf 82' lang='lat' dir='ltr'><em>proesertim</em></span> <span class='ocrx_word' id='word_1_57' title='bbox 660 2074 852 2124; x_wconf 83' lang='lat' dir='ltr'><em>nautica,</em></span> <span class='ocrx_word' id='word_1_58' title='bbox 874 2073 926 2116; x_wconf 90' lang='lat' dir='ltr'><em>de</em></span> <span class='ocrx_word' id='word_1_59' title='bbox 946 2074 1096 2117; x_wconf 87' lang='lat' dir='ltr'><em>Persis</em></span> <span class='ocrx_word' id='word_1_60' title='bbox 1117 2072 1389 2128; x_wconf 78' lang='lat' dir='ltr'><em>adferuntur.</em></span> <span class='ocrx_word' id='word_1_61' title='bbox 1452 2072 1650 2128; x_wconf 75' lang='lat' dir='ltr'><em>Neqatur</em></span> <span class='ocrx_word' id='word_1_62' title='bbox 1679 2069 1859 2114; x_wconf 85' lang='lat' dir='ltr'><em>irrideri</em></span> <span class='ocrx_word' id='word_1_63' title='bbox 1888 2070 1976 2113; x_wconf 84' lang='lat' dir='ltr'><em>ista</em></span> 
     </span>
     <span class='ocr_line' id='line_1_9' title="bbox 289 2141 1977 2201; baseline -0.002 -15"><span class='ocrx_word' id='word_1_64' title='bbox 289 2143 516 2200; x_wconf 73' lang='lat' dir='ltr'><em>Traqoedia</em></span> <span class='ocrx_word' id='word_1_65' title='bbox 538 2145 699 2188; x_wconf 87' lang='lat' dir='ltr'><em>Persas</em></span> <span class='ocrx_word' id='word_1_66' title='bbox 717 2165 729 2189; x_wconf 85' lang='lat'><em>.-</em></span> <span class='ocrx_word' id='word_1_67' title='bbox 763 2144 939 2188; x_wconf 83' lang='lat' dir='ltr'><em>docetur</em></span> <span class='ocrx_word' id='word_1_68' title='bbox 966 2145 1211 2201; x_wconf 81' lang='lat' dir='ltr'><em>praecipuas</em></span> <span class='ocrx_word' id='word_1_69' title='bbox 1240 2144 1288 2187; x_wconf 89' lang='lat' dir='ltr'><em>in</em></span> <span class='ocrx_word' id='word_1_70' title='bbox 1318 2158 1367 2187; x_wconf 87' lang='lat' dir='ltr'><em>ea</em></span> <span class='ocrx_word' id='word_1_71' title='bbox 1399 2157 1490 2187; x_wconf 88' lang='lat' dir='ltr'><em>esse</em></span> <span class='ocrx_word' id='word_1_72' title='bbox 1516 2142 1730 2199; x_wconf 73' lang='lat' dir='ltr'><em>reliqiosoe</em></span> <span class='ocrx_word' id='word_1_73' title='bbox 1750 2141 1977 2198; x_wconf 66' lang='lat' dir='ltr'><em>sapientiae</em></span> 
     </span>
     <span class='ocr_line' id='line_1_10' title="bbox 279 2222 443 2272; baseline 0 -13"><span class='ocrx_word' id='word_1_74' title='bbox 279 2222 443 2272; x_wconf 85' lang='lat' dir='ltr'><em>partes.</em></span> 
     </span>
    </p>
   </div>
   <div class='ocr_carea' id='block_1_4' title="bbox 226 2391 1977 2664">
    <p class='ocr_par' dir='ltr' id='par_1_4' title="bbox 226 2391 1977 2664">
     <span class='ocr_line' id='line_1_11' title="bbox 231 2391 1977 2538; baseline -0.001 -88"><span class='ocrx_word' id='word_1_75' title='bbox 231 2392 764 2538; x_wconf 84' lang='lat' dir='ltr'><strong>PINDARUS,</strong></span> <span class='ocrx_word' id='word_1_76' title='bbox 817 2392 1180 2461; x_wconf 81' lang='lat' dir='ltr'><em>Academici,</em></span> <span class='ocrx_word' id='word_1_77' title='bbox 1239 2393 1520 2451; x_wconf 78' lang='lat' dir='ltr'><em>divinitus</em></span> <span class='ocrx_word' id='word_1_78' title='bbox 1565 2410 1731 2468; x_wconf 85' lang='lat' dir='ltr'><em>paene</em></span> <span class='ocrx_word' id='word_1_79' title='bbox 1778 2391 1977 2468; x_wconf 88' lang='lat' dir='ltr'><em>appel-</em></span> 
     </span>
     <span class='ocr_line' id='line_1_12' title="bbox 393 2489 1976 2567; baseline -0.001 -20"><span class='ocrx_word' id='word_1_80' title='bbox 393 2490 537 2547; x_wconf 84' lang='lat' dir='ltr'><em>lavit</em></span> <span class='ocrx_word' id='word_1_81' title='bbox 593 2491 742 2558; x_wconf 87' lang='lat' dir='ltr'><em>illos,</em></span> <span class='ocrx_word' id='word_1_82' title='bbox 801 2492 900 2567; x_wconf 92' lang='lat' dir='ltr'><em>qui</em></span> <span class='ocrx_word' id='word_1_83' title='bbox 959 2492 1085 2566; x_wconf 90' lang='lat' dir='ltr'><em>ejus</em></span> <span class='ocrx_word' id='word_1_84' title='bbox 1142 2497 1407 2566; x_wconf 79' lang='lat' dir='ltr'><em>tempore</em></span> <span class='ocrx_word' id='word_1_85' title='bbox 1458 2489 1679 2547; x_wconf 81' lang='lat' dir='ltr'><em>dabant</em></span> <span class='ocrx_word' id='word_1_86' title='bbox 1737 2507 1976 2564; x_wconf 87' lang='lat' dir='ltr'><em>operam</em></span> 
     </span>
     <span class='ocr_line' id='line_1_13' title="bbox 226 2585 1975 2664; baseline -0.001 -20"><span class='ocrx_word' id='word_1_87' title='bbox 226 2589 499 2645; x_wconf 81' lang='lat' dir='ltr'><em>severiori</em></span> <span class='ocrx_word' id='word_1_88' title='bbox 534 2589 796 2664; x_wconf 79' lang='lat' dir='ltr'><em>poetioae,</em></span> <span class='ocrx_word' id='word_1_89' title='bbox 827 2589 1066 2644; x_wconf 90' lang='lat' dir='ltr'><em>nomine</em></span> <span class='ocrx_word' id='word_1_90' title='bbox 1097 2594 1379 2663; x_wconf 82' lang='lat' dir='ltr'><strong>tanquam</strong></span> <span class='ocrx_word' id='word_1_91' title='bbox 1423 2585 1650 2644; x_wconf 84' lang='lat' dir='ltr'><em>solenni</em></span> <span class='ocrx_word' id='word_1_92' title='bbox 1694 2593 1757 2643; x_wconf 79' lang='lat' dir='ltr'><em>et</em></span> <span class='ocrx_word' id='word_1_93' title='bbox 1799 2587 1975 2654; x_wconf 84' lang='lat' dir='ltr'><em>avit0‚</em></span> 
     </span>
    </p>
   </div>
   <div class='ocr_carea' id='block_1_5' title="bbox 221 2672 1976 2762">
    <p class='ocr_par' dir='ltr' id='par_1_5' title="bbox 221 2672 1976 2762">
     <span class='ocr_line' id='line_1_14' title="bbox 221 2672 1976 2762; baseline -0.002 -21"><span class='ocrx_word' id='word_1_94' title='bbox 221 2682 570 2762; x_wconf 63' lang='grc' dir='ltr'><em>Ὁμηρίδαςὸ.</em></span> <span class='ocrx_word' id='word_1_95' title='bbox 675 2684 810 2752; x_wconf 82' lang='lat' dir='ltr'><em>Qua</em></span> <span class='ocrx_word' id='word_1_96' title='bbox 845 2703 990 2741; x_wconf 86' lang='lat' dir='ltr'><em>voce</em></span> <span class='ocrx_word' id='word_1_97' title='bbox 1033 2672 1401 2761; x_wconf 81' lang='lat' dir='ltr'><em>significavit,</em></span> <span class='ocrx_word' id='word_1_98' title='bbox 1438 2684 1659 2759; x_wconf 89' lang='lat' dir='ltr'><em>opinor,</em></span> <span class='ocrx_word' id='word_1_99' title='bbox 1695 2702 1814 2739; x_wconf 93' lang='lat' dir='ltr'><em>non</em></span> <span class='ocrx_word' id='word_1_100' title='bbox 1851 2689 1976 2739; x_wconf 81' lang='lat' dir='ltr'><em>tam</em></span> 
     </span>
    </p>
   </div>
   <div class='ocr_carea' id='block_1_6' title="bbox 224 2779 1978 3512">
    <p class='ocr_par' dir='ltr' id='par_1_6' title="bbox 224 2779 1978 3512">
     <span class='ocr_line' id='line_1_15' title="bbox 226 2779 1978 2856; baseline -0.001 -20"><span class='ocrx_word' id='word_1_101' title='bbox 226 2780 350 2837; x_wconf 88' lang='lat' dir='ltr'><em>fore</em></span> <span class='ocrx_word' id='word_1_102' title='bbox 389 2800 488 2838; x_wconf 89' lang='lat' dir='ltr'><em>eos</em></span> <span class='ocrx_word' id='word_1_103' title='bbox 524 2781 850 2839; x_wconf 78' lang='lat' dir='ltr'><em>imitatores</em></span> <span class='ocrx_word' id='word_1_104' title='bbox 883 2781 1151 2849; x_wconf 89' lang='lat' dir='ltr'><em>Homeri,</em></span> <span class='ocrx_word' id='word_1_105' title='bbox 1181 2799 1358 2855; x_wconf 90' lang='lat' dir='ltr'><em>quam</em></span> <span class='ocrx_word' id='word_1_106' title='bbox 1398 2780 1460 2836; x_wconf 91' lang='lat' dir='ltr'><em>in</em></span> <span class='ocrx_word' id='word_1_107' title='bbox 1496 2797 1700 2836; x_wconf 90' lang='lat' dir='ltr'><em>eorum</em></span> <span class='ocrx_word' id='word_1_108' title='bbox 1740 2779 1978 2856; x_wconf 86' lang='lat' dir='ltr'><em>ingenia</em></span> 
     </span>
     <span class='ocr_line' id='line_1_16' title="bbox 225 2877 1976 2953; baseline -0.001 -19"><span class='ocrx_word' id='word_1_109' title='bbox 225 2878 407 2934; x_wconf 81' lang='lat' dir='ltr'><em>tacite</em></span> <span class='ocrx_word' id='word_1_110' title='bbox 463 2879 538 2935; x_wconf 86' lang='lat' dir='ltr'><em>ab</em></span> <span class='ocrx_word' id='word_1_111' title='bbox 605 2878 707 2934; x_wconf 91' lang='lat' dir='ltr'><em>illo</em></span> <span class='ocrx_word' id='word_1_112' title='bbox 765 2879 1012 2935; x_wconf 90' lang='lat' dir='ltr'><em>derivari</em></span> <span class='ocrx_word' id='word_1_113' title='bbox 1070 2877 1294 2934; x_wconf 87' lang='lat' dir='ltr'><em>fiumen</em></span> <span class='ocrx_word' id='word_1_114' title='bbox 1351 2877 1647 2951; x_wconf 86' lang='lat' dir='ltr'><em>quoddam</em></span> <span class='ocrx_word' id='word_1_115' title='bbox 1709 2878 1976 2953; x_wconf 84' lang='lat' dir='ltr'><em>generosi</em></span> 
     </span>
     <span class='ocr_line' id='line_1_17' title="bbox 226 2974 1978 3052; baseline -0.001 -21"><span class='ocrx_word' id='word_1_116' title='bbox 226 2974 558 3050; x_wconf 67' lang='lat' dir='ltr'><em>sanguinis}</em></span> <span class='ocrx_word' id='word_1_117' title='bbox 630 2994 747 3050; x_wconf 91' lang='lat' dir='ltr'><em>quo</em></span> <span class='ocrx_word' id='word_1_118' title='bbox 805 2976 924 3040; x_wconf 82' lang='lat' dir='ltr'><em>fiat,</em></span> <span class='ocrx_word' id='word_1_119' title='bbox 983 2982 1052 3031; x_wconf 81' lang='lat' dir='ltr'><em>ut</em></span> <span class='ocrx_word' id='word_1_120' title='bbox 1120 2974 1454 3052; x_wconf 78' lang='lat' dir='ltr'><em>legentibus</em></span> <span class='ocrx_word' id='word_1_121' title='bbox 1509 2993 1800 3049; x_wconf 86' lang='lat' dir='ltr'><em>nusquam</em></span> <span class='ocrx_word' id='word_1_122' title='bbox 1857 2993 1978 3030; x_wconf 91' lang='lat' dir='ltr'><em>non</em></span> 
     </span>
     <span class='ocr_line' id='line_1_18' title="bbox 224 3070 1978 3148; baseline 0.001 -22"><span class='ocrx_word' id='word_1_123' title='bbox 224 3070 383 3128; x_wconf 91' lang='lat' dir='ltr'><em>illius</em></span> <span class='ocrx_word' id='word_1_124' title='bbox 426 3072 533 3127; x_wconf 89' lang='lat' dir='ltr'><em>viri</em></span> <span class='ocrx_word' id='word_1_125' title='bbox 582 3072 776 3148; x_wconf 79' lang='lat' dir='ltr'><em>vigeat</em></span> <span class='ocrx_word' id='word_1_126' title='bbox 818 3073 1119 3139; x_wconf 91' lang='lat' dir='ltr'><em>memoria,</em></span> <span class='ocrx_word' id='word_1_127' title='bbox 1171 3072 1389 3146; x_wconf 89' lang='lat' dir='ltr'><em>quique</em></span> <span class='ocrx_word' id='word_1_128' title='bbox 1439 3070 1815 3128; x_wconf 77' lang='lat' dir='ltr'><em>remotissimi</em></span> <span class='ocrx_word' id='word_1_129' title='bbox 1859 3071 1978 3128; x_wconf 78' lang='lat' dir='ltr'><em>sint</em></span> 
     </span>
     <span class='ocr_line' id='line_1_19' title="bbox 226 3165 1977 3240; baseline -0.001 -17"><span class='ocrx_word' id='word_1_130' title='bbox 226 3185 262 3222; x_wconf 89' lang='lat' dir='ltr'><em>a</em></span> <span class='ocrx_word' id='word_1_131' title='bbox 317 3168 491 3224; x_wconf 90' lang='lat' dir='ltr'><em>rebus</em></span> <span class='ocrx_word' id='word_1_132' title='bbox 553 3168 902 3235; x_wconf 79' lang='lat' dir='ltr'><em>HomericiS‚</em></span> <span class='ocrx_word' id='word_1_133' title='bbox 952 3168 1274 3225; x_wconf 84' lang='lat' dir='ltr'><em>Homerica</em></span> <span class='ocrx_word' id='word_1_134' title='bbox 1324 3174 1527 3224; x_wconf 78' lang='lat' dir='ltr'><em>tamen</em></span> <span class='ocrx_word' id='word_1_135' title='bbox 1584 3165 1782 3222; x_wconf 92' lang='lat' dir='ltr'><em>indole</em></span> <span class='ocrx_word' id='word_1_136' title='bbox 1833 3176 1977 3240; x_wconf 91' lang='lat' dir='ltr'><em>quo—</em></span> 
     </span>
     <span class='ocr_line' id='line_1_20' title="bbox 227 3262 1977 3338; baseline 0 -20"><span class='ocrx_word' id='word_1_137' title='bbox 227 3262 541 3321; x_wconf 88' lang='lat' dir='ltr'><em>dammodo</em></span> <span class='ocrx_word' id='word_1_138' title='bbox 598 3264 966 3322; x_wconf 78' lang='lat' dir='ltr'><em>colorentur:</em></span> <span class='ocrx_word' id='word_1_139' title='bbox 1033 3272 1102 3321; x_wconf 76' lang='lat' dir='ltr'><em>ut</em></span> <span class='ocrx_word' id='word_1_140' title='bbox 1160 3263 1263 3331; x_wconf 89' lang='lat' dir='ltr'><em>illi,</em></span> <span class='ocrx_word' id='word_1_141' title='bbox 1323 3264 1422 3337; x_wconf 90' lang='lat' dir='ltr'><em>qui</em></span> <span class='ocrx_word' id='word_1_142' title='bbox 1484 3262 1671 3319; x_wconf 78' lang='lat' dir='ltr'><em>veluti</em></span> <span class='ocrx_word' id='word_1_143' title='bbox 1721 3262 1977 3338; x_wconf 89' lang='lat' dir='ltr'><em>peregri-</em></span> 
     </span>
     <span class='ocr_line' id='line_1_21' title="bbox 226 3358 1976 3437; baseline 0.001 -23"><span class='ocrx_word' id='word_1_144' title='bbox 226 3367 443 3416; x_wconf 81' lang='lat' dir='ltr'><em>nantur</em></span> <span class='ocrx_word' id='word_1_145' title='bbox 469 3361 532 3416; x_wconf 90' lang='lat' dir='ltr'><em>in</em></span> <span class='ocrx_word' id='word_1_146' title='bbox 562 3379 632 3418; x_wconf 90' lang='lat' dir='ltr'><em>ea</em></span> <span class='ocrx_word' id='word_1_147' title='bbox 660 3362 914 3437; x_wconf 85' lang='lat' dir='ltr'><em>regione,</em></span> <span class='ocrx_word' id='word_1_148' title='bbox 945 3367 1267 3437; x_wconf 76' lang='lat' dir='ltr'><em>agnoscant</em></span> <span class='ocrx_word' id='word_1_149' title='bbox 1305 3359 1611 3435; x_wconf 84' lang='lat' dir='ltr'><em>indigenas</em></span> <span class='ocrx_word' id='word_1_150' title='bbox 1640 3359 1831 3434; x_wconf 78' lang='lat' dir='ltr'><em>patrio</em></span> <span class='ocrx_word' id='word_1_151' title='bbox 1862 3358 1976 3416; x_wconf 86' lang='lat' dir='ltr'><em>oris</em></span> 
     </span>
     <span class='ocr_line' id='line_1_22' title="bbox 226 3455 453 3512; baseline -0.004 -1"><span class='ocrx_word' id='word_1_152' title='bbox 226 3455 453 3512; x_wconf 73' lang='lat' dir='ltr'><em>habim.</em></span> 
     </span>
    </p>
   </div>
   <div class='ocr_carea' id='block_1_7' title="bbox 951 3577 1261 3621">
    <p class='ocr_par' dir='ltr' id='par_1_7' title="bbox 951 3577 1261 3621">
     <span class='ocr_line' id='line_1_23' title="bbox 951 3577 1261 3621; baseline -0.003 0"><span class='ocrx_word' id='word_1_153' title='bbox 951 3585 974 3607; x_wconf 74' lang='lat'><em>²²</em></span> <span class='ocrx_word' id='word_1_154' title='bbox 1005 3578 1127 3621; x_wconf 88' lang='lat' dir='ltr'><em>Nem.</em></span> <span class='ocrx_word' id='word_1_155' title='bbox 1152 3577 1195 3620; x_wconf 86' lang='lat' dir='ltr'><em>ii.</em></span> <span class='ocrx_word' id='word_1_156' title='bbox 1223 3591 1261 3620; x_wconf 89' lang='lat'><em>1.</em></span> 
     </span>
    </p>
   </div>
  </div>
 </body>
</html>
