2320 4126
380 229 454 286 94
787 227 1019 280 Achillis
1031 246 1312 298 personam
1338 228 1555 297 mirzflce
1580 227 1790 300 mitiyat
1898 248 2060 282 PRAEL.
2081 248 2178 283 vn.

379 394 499 431 non
561 374 739 431 nimis
791 382 971 431 acute
1021 375 1190 441 vidit,
1242 393 1341 430 me
1391 373 1617 448 judice,
1674 371 1986 443 Horatius,
2038 392 2179 431 cum

379 473 704 530 decantata
738 471 844 530 illa
874 472 1130 548 scripsit,

805 582 1098 626 Honoratum
1121 582 1159 626 si
1180 581 1295 625 forte
1316 581 1499 639 reponis
1521 581 1761 634 Achillem,

622 657 837 715 Impiger,
860 655 1124 708 iracundus,
1145 654 1452 706 inexorabilis,
1475 669 1591 707 acer,

619 730 649 775 J
651 745 736 774 ura
755 736 890 788 neget
913 729 999 773 sibi
1020 735 1141 781 nata,
1165 727 1281 771 nihil
1301 742 1397 772 11011
1417 734 1596 786 arroget
1617 727 1770 772 armis.

378 821 475 878 Ea
525 821 784 898 glorioso
846 819 1087 876 cuidam
1145 817 1344 884 militi,
1399 817 1475 873 de
1534 816 1744 874 castris
1797 815 2177 874 Praetorianis

375 923 482 974 aut
517 917 797 984 Neronis⁹
830 923 937 974 aut
968 916 1154 992 ipsius
1193 912 1265 988 (si
1297 913 1522 992 placet)
1557 912 1817 982 Octavii,
1848 912 2066 972 melius
2106 933 2176 972 30

375 1017 572 1073 verius
604 1016 1012 1082 convenirent,
1047 1033 1228 1091 quam
1259 1012 1494 1080 ἀμύμονι
1528 1009 1825 1079 Πηλείωνι.

461 1115 625 1184 Quin
667 1115 988 1181 attendite,
1020 1131 1236 1189 quaeso,
1268 1093 1589 1188 paulisper,
1615 1108 1991 1175 Academici,
2029 1110 2175 1167 dum

371 1233 565 1289 pauca
596 1213 870 1289 quaedam
903 1212 1112 1269 ordine
1142 1228 1542 1278 10001180111118,
1569 1208 1787 1285 quibus
1819 1209 1895 1266 ab
1925 1209 2175 1266 immani

371 1312 489 1370 ista
518 1312 763 1370 feritate
795 1309 1107 1368 Achillem
1150 1329 1327 1367 suum
1359 1308 1689 1366 vindicavit
1721 1306 1935 1366 Poeta.
2027 1307 2176 1365 Non

373 1411 534 1467 enim
558 1409 792 1467 bellicis
815 1407 1011 1466 80111111
1035 1407 1362 1465 virtutibus
1384 1407 1545 1464 ultra
1566 1405 1898 1464 humanum
1923 1407 2174 1463 modum

372 1510 626 1577 ornavit,
666 1508 773 1566 sed
821 1514 884 1565 et
921 1505 1195 1583 pluribus
1234 1505 1366 1563 aliis
1405 1506 1481 1563 de
1530 1504 1723 1562 causis
1764 1506 2175 1563 commendari

371 1626 513 1663 eum
561 1606 755 1664 voluit
807 1605 1023 1663 animis
1077 1603 1413 1670 hominum,
1468 1621 1797 1679 carumque
1848 1601 2057 1660 haberi
2103 1622 2173 1660 ac

370 1724 540 1781 paene
572 1711 1038 1763 sacrosanctum.

458 1803 555 1861 Ac
602 1804 887 1880 primum,
934 1807 1228 1879 quantum
1283 1800 1458 1872 illud,
1507 1819 1690 1877 quam
1740 1820 1941 1879 grave,
1990 1820 2171 1877 quam

369 1903 614 1979 penitus
673 1901 895 1960 affectu
949 1900 1296 1959 dulcissimo
1355 1900 1680 1968 imbutum,
1734 1901 1896 1976 quod
1956 1907 2171 1977 sponte

371 2022 477 2060 8113
516 2002 699 2058 1110111
733 2002 1044 2059 3(1(110111111
1086 2000 1160 2057 3(1
1193 1999 1378 2056 Ι1111111
1411 2000 1644 2057 venisse
1675 1998 1911 2057 narrat!
2003 1998 2170 2056 Nam

369 2101 515 2158 licet
559 2100 896 2157 identidem
946 2118 1053 2166 sua
1097 2118 1336 2174 quoque
1390 2098 1517 2156 fata
1566 2116 1849 2156 revocare
1894 2098 2171 2155 videatur

369 2200 445 2257 ad
478 2198 710 2279 Μοῖραν
740 2198 926 2266 1113111,
960 2197 1341 2254 (111118811113111
1371 2195 1650 2254 humanae
1694 2196 1869 2254 sortis
1901 2196 2171 2273 Impera-

368 2301 600 2366 tricem,
645 2304 738 2355 081
788 2304 998 2355 tamen
1041 2296 1147 2354 ubi
1193 2295 1390 2364 docet,
1437 2295 1675 2354 disertis
1721 2295 1935 2364 verbiS‚
1982 2297 2168 2372 ipsius

369 2398 671 2456 voluntati
711 2403 772 2454 et
812 2395 1062 2454 consilio
1099 2415 1135 2453 3
1173 2393 1421 2472 Superis
1457 2394 1640 2452 fuisse
1681 2395 2060 2471 permissum,
2097 2401 2168 2452 ut

368 2497 579 2554 mortis
608 2497 737 2573 ipse
768 2514 888 2553 suae
919 2493 1175 2571 eligeret
1206 2502 1269 2551 01
1299 2511 1491 2571 genus
1523 2499 1586 2550 et
1617 2499 2083 2570 tempestatem:

607 2625 749 2684 μήτηρ
769 2626 855 2684 γάρ
877 2624 928 2668 τέ
946 2643 1001 2682 με
1021 2624 1140 2683 φησὶ
1161 2623 1254 2676 θεὰ,
1279 2622 1407 2669 Θέτις
1427 2622 1719 2681 ἀργυρόπεζα,

608 2699 838 2758 διχθαδίας
859 2700 1007 2757 Κῆρας
1028 2696 1222 2756 φερέμεν
1243 2696 1446 2742 θανάτοιο
1467 2696 1674 2741 τέλοσδε.

607 2773 645 2817 εἶ
663 2772 744 2830 μέν
765 2771 800 2817 κ’
825 2771 924 2817 αὖθι
944 2771 1084 2829 μένων
1104 2772 1263 2830 Τρώων
1282 2772 1416 2815 πόλιν
1436 2770 1775 2829 ἀμφιμάχωμαι,

607 2846 746 2890 ὤλετο
767 2844 847 2902 μέν
867 2863 941 2902 μοι
963 2846 1137 2898 νόστος,
1159 2844 1269 2902 ἀτὰρ
1291 2843 1420 2890 κλέος
1440 2844 1631 2904 ἄφθιτον
1651 2845 1793 2890 ἔσται·

607 2921 645 2964 εἶ
667 2920 717 2964 δέ
737 2938 809 2964 κεν
831 2918 965 2963 οἴκαδ’
988 2918 1114 2976 ἵκωμι
1135 2919 1277 2977 φίλην
1298 2919 1343 2965 ἐς
1362 2917 1553 2977 πατρίδα
1572 2921 1716 2978 γαῖαν,

605 2993 745 3037 ὤλετό
766 3011 840 3050 μοι
863 2992 991 3038 κλέος
1012 2991 1195 3044 ἐσθλὸν,
1216 2992 1289 3036 ἐπὶ
1311 2992 1444 3050 δηρὸν
1466 2991 1517 3036 δέ
1534 3011 1610 3050 μοι
1630 2993 1736 3037 αἰὼν

604 3068 803 3118 ἔσσεται,
827 3066 930 3110 οὐδέ
950 3065 999 3110 κέ
1018 3065 1061 3123 μ’
1085 3065 1175 3110 ὦκα
1195 3066 1328 3112 τέλος
1348 3066 1552 3111 θανάτοιο
1578 3066 1717 3125 κιχείη
1729 3073 1760 3111 ⁸.

365 3172 592 3230 Nescio
653 3170 956 3246 quomodo
1021 3188 1128 3245 per
1186 3176 1388 3227 totum
1456 3170 1584 3246 ejus
1643 3170 1774 3237 ἦθος
1831 3173 2160 3248 pervadere

360 3271 510 3327 mihi
544 3271 783 3327 videtur
812 3287 882 3325 30
911 3267 1192 3344 perfundi
1223 3275 1389 3325 certa
1420 3267 1524 3325 illa
1552 3269 1764 3327 mortis
1795 3273 2158 3346 expectatio,

359 3367 712 3425 brevissimo
737 3372 1012 3442 tempore
1035 3370 1173 3441 post
1199 3362 1471 3422 Hectora
1495 3365 1762 3422 occisum
1795 3367 2156 3427 subeundae:

602 3475 827 3534 ὠκύμορος
847 3474 900 3532 δή
922 3494 1011 3533 μοι,
1034 3475 1172 3527 τέκος,
1196 3475 1368 3527 ἔσσεαι,
1392 3472 1449 3518 οἷ’
1469 3473 1705 3534 ἀγορεύεις·

601 3550 754 3594 αὐτίκα
774 3550 860 3607 γάρ
882 3567 950 3593 τοι
973 3549 1123 3594 ἔπειτα
1143 3547 1237 3606 μεθ’
1253 3546 1447 3606 ’Ἐκτορα
1467 3550 1636 3603 πότμος
1657 3549 1830 3606 ἑτοῖμος
1844 3548 1875 3593 b.

598 3671 622 3694 ³
656 3664 709 3708 Il.
733 3665 794 3709 ix.
818 3679 923 3719 410.
1642 3664 1659 3689 b
1690 3664 1813 3710 xviii.
1835 3676 1911 3723 95.
