<?xml version="1.0" encoding="UTF-8"?>
<!DOCTYPE html PUBLIC "-//W3C//DTD XHTML 1.0 Transitional//EN"
    "http://www.w3.org/TR/xhtml1/DTD/xhtml1-transitional.dtd">
<html xmlns="http://www.w3.org/1999/xhtml" xml:lang="en" lang="en">
 <head>
  <title>
</title>
<meta http-equiv="Content-Type" content="text/html;charset=utf-8" />
  <meta name='ocr-system' content='tesseract 3.04.00' />
  <meta name='ocr-capabilities' content='ocr_page ocr_carea ocr_par ocr_line ocrx_word'/>
</head>
<body>
  <div class='ocr_page' id='page_1' title='image "./a588873901kebluoft_0107.png"; bbox 0 0 2320 4126; ppageno 0'>
   <div class='ocr_carea' id='block_1_1' title="bbox 142 248 1889 317">
    <p class='ocr_par' dir='ltr' id='par_1_1' title="bbox 142 248 1889 317">
     <span class='ocr_line' id='line_1_1' title="bbox 142 248 1889 317; baseline -0.006 -10"><span class='ocrx_word' id='word_1_1' title='bbox 142 274 296 307; x_wconf 79' lang='lat' dir='ltr'><strong>PRAEL.</strong></span> <span class='ocrx_word' id='word_1_2' title='bbox 315 273 408 308; x_wconf 88' lang='lat' dir='ltr'>vn.</span> <span class='ocrx_word' id='word_1_3' title='bbox 486 254 654 317; x_wconf 74' lang='lat' dir='ltr'>Quare</span> <span class='ocrx_word' id='word_1_4' title='bbox 677 256 973 302; x_wconf 72' lang='lat' dir='ltr'><em>monstretur</em></span> <span class='ocrx_word' id='word_1_5' title='bbox 996 248 1221 301; x_wconf 65' lang='lat' dir='ltr'>thilles</span> <span class='ocrx_word' id='word_1_6' title='bbox 1244 249 1341 300; x_wconf 75' lang='lat' dir='ltr'>cito</span> <span class='ocrx_word' id='word_1_7' title='bbox 1364 249 1651 300; x_wconf 75' lang='lat' dir='ltr'>moriturus.</span> <span class='ocrx_word' id='word_1_8' title='bbox 1816 251 1889 305; x_wconf 75' lang='lat'>97</span> 
     </span>
    </p>
   </div>
   <div class='ocr_carea' id='block_1_2' title="bbox 140 391 1900 1694">
    <p class='ocr_par' dir='ltr' id='par_1_2' title="bbox 140 391 1893 854">
     <span class='ocr_line' id='line_1_2' title="bbox 228 391 1891 467; baseline -0.004 -14"><span class='ocrx_word' id='word_1_9' title='bbox 228 395 556 455; x_wconf 83' lang='lat' dir='ltr'>Veniamus</span> <span class='ocrx_word' id='word_1_10' title='bbox 598 394 674 451; x_wconf 89' lang='lat' dir='ltr'>ad</span> <span class='ocrx_word' id='word_1_11' title='bbox 719 412 804 460; x_wconf 87' lang='lat' dir='ltr'>ea,</span> <span class='ocrx_word' id='word_1_12' title='bbox 846 411 975 467; x_wconf 86' lang='lat' dir='ltr'>quae</span> <span class='ocrx_word' id='word_1_13' title='bbox 1019 409 1124 466; x_wconf 91' lang='lat' dir='ltr'>per</span> <span class='ocrx_word' id='word_1_14' title='bbox 1167 410 1230 448; x_wconf 85' lang='lat' dir='ltr'>se</span> <span class='ocrx_word' id='word_1_15' title='bbox 1271 396 1539 466; x_wconf 79' lang='lat' dir='ltr'>spectata</span> <span class='ocrx_word' id='word_1_16' title='bbox 1578 391 1891 447; x_wconf 80' lang='lat' dir='ltr'>videantur</span> 
     </span>
     <span class='ocr_line' id='line_1_3' title="bbox 143 486 1889 562; baseline -0.006 -12"><span class='ocrx_word' id='word_1_17' title='bbox 143 511 269 551; x_wconf 87' lang='lat' dir='ltr'>esse</span> <span class='ocrx_word' id='word_1_18' title='bbox 291 490 464 547; x_wconf 88' lang='lat' dir='ltr'>nimis</span> <span class='ocrx_word' id='word_1_19' title='bbox 487 489 738 556; x_wconf 82' lang='lat' dir='ltr'>excelsa,</span> <span class='ocrx_word' id='word_1_20' title='bbox 757 506 950 562; x_wconf 88' lang='lat' dir='ltr'>neque</span> <span class='ocrx_word' id='word_1_21' title='bbox 972 486 1047 543; x_wconf 90' lang='lat' dir='ltr'>ad</span> <span class='ocrx_word' id='word_1_22' title='bbox 1078 486 1534 562; x_wconf 81' lang='lat' dir='ltr'>comparandam</span> <span class='ocrx_word' id='word_1_23' title='bbox 1562 486 1889 553; x_wconf 86' lang='lat' dir='ltr'>hominum,</span> 
     </span>
     <span class='ocr_line' id='line_1_4' title="bbox 140 580 1893 664; baseline -0.005 -19"><span class='ocrx_word' id='word_1_24' title='bbox 140 606 316 664; x_wconf 91' lang='lat' dir='ltr'>quam</span> <span class='ocrx_word' id='word_1_25' title='bbox 348 591 578 654; x_wconf 77' lang='lat' dir='ltr'>vocant,</span> <span class='ocrx_word' id='word_1_26' title='bbox 609 580 966 651; x_wconf 80' lang='grc' dir='ltr'>συμπάθειαν,</span> <span class='ocrx_word' id='word_1_27' title='bbox 998 583 1140 640; x_wconf 80' lang='lat' dir='ltr'>satis</span> <span class='ocrx_word' id='word_1_28' title='bbox 1181 583 1412 639; x_wconf 86' lang='lat' dir='ltr'>idonea.</span> <span class='ocrx_word' id='word_1_29' title='bbox 1499 581 1715 650; x_wconf 83' lang='lat' dir='ltr'>Qualia</span> <span class='ocrx_word' id='word_1_30' title='bbox 1754 589 1893 639; x_wconf 76' lang='lat' dir='ltr'>sunt</span> 
     </span>
     <span class='ocr_line' id='line_1_5' title="bbox 142 675 1891 754; baseline -0.004 -15"><span class='ocrx_word' id='word_1_31' title='bbox 142 683 244 741; x_wconf 91' lang='lat' dir='ltr'>illa</span> <span class='ocrx_word' id='word_1_32' title='bbox 272 683 345 740; x_wconf 91' lang='lat' dir='ltr'>de</span> <span class='ocrx_word' id='word_1_33' title='bbox 375 680 687 739; x_wconf 79' lang='lat' dir='ltr'>Vulcaniis</span> <span class='ocrx_word' id='word_1_34' title='bbox 725 679 918 746; x_wconf 48' lang='lat' dir='ltr'>armis</span> <span class='ocrx_word' id='word_1_35' title='bbox 960 677 1144 735; x_wconf 86' lang='lat' dir='ltr'>semel</span> <span class='ocrx_word' id='word_1_36' title='bbox 1191 684 1372 754; x_wconf 81' lang='lat' dir='ltr'>atque</span> <span class='ocrx_word' id='word_1_37' title='bbox 1418 676 1636 734; x_wconf 79' lang='lat' dir='ltr'>iterum</span> <span class='ocrx_word' id='word_1_38' title='bbox 1665 675 1891 734; x_wconf 85' lang='lat' dir='ltr'><strong>Achilli</strong></span> 
     </span>
     <span class='ocr_line' id='line_1_6' title="bbox 143 773 1186 854; baseline -0.006 -18"><span class='ocrx_word' id='word_1_39' title='bbox 143 778 326 836; x_wconf 74' lang='lat' dir='ltr'>datis:</span> <span class='ocrx_word' id='word_1_40' title='bbox 371 773 640 854; x_wconf 74' lang='grc' dir='ltr'>ἄμβροτα</span> <span class='ocrx_word' id='word_1_41' title='bbox 670 774 867 852; x_wconf 81' lang='grc' dir='ltr'>τεύχεα</span> <span class='ocrx_word' id='word_1_42' title='bbox 897 781 1186 831; x_wconf 71' lang='lat' dir='ltr'>vocantur</span> 
     </span>
    </p>

    <p class='ocr_par' dir='ltr' id='par_1_3' title="bbox 372 893 1337 962">
     <span class='ocr_line' id='line_1_7' title="bbox 372 893 1337 962; baseline 0.003 -24"><span class='ocrx_word' id='word_1_43' title='bbox 372 895 593 951; x_wconf 84' lang='grc' dir='ltr'>Πηλείδεω</span> <span class='ocrx_word' id='word_1_44' title='bbox 611 894 831 962; x_wconf 78' lang='grc' dir='ltr'>Ἀχιλῆος,</span> <span class='ocrx_word' id='word_1_45' title='bbox 852 893 880 938; x_wconf 84' lang='grc' dir='ltr'>ἅ</span> <span class='ocrx_word' id='word_1_46' title='bbox 900 896 940 938; x_wconf 82' lang='grc' dir='ltr'>οἱ</span> <span class='ocrx_word' id='word_1_47' title='bbox 962 895 1052 939; x_wconf 82' lang='grc' dir='ltr'>θεοὶ</span> <span class='ocrx_word' id='word_1_48' title='bbox 1075 895 1337 951; x_wconf 74' lang='grc' dir='ltr'>Οὐρανίωνες</span> 
     </span>
    </p>

    <p class='ocr_par' dir='ltr' id='par_1_4' title="bbox 371 963 1470 1027">
     <span class='ocr_line' id='line_1_8' title="bbox 371 963 1470 1027; baseline 0.001 -17"><span class='ocrx_word' id='word_1_49' title='bbox 371 967 502 1025; x_wconf 83' lang='grc' dir='ltr'>πατρὶ</span> <span class='ocrx_word' id='word_1_50' title='bbox 522 967 641 1027; x_wconf 79' lang='grc' dir='ltr'>φίλῳ</span> <span class='ocrx_word' id='word_1_51' title='bbox 659 968 830 1024; x_wconf 75' lang='grc' dir='ltr'>ἔπορον·</span> <span class='ocrx_word' id='word_1_52' title='bbox 863 969 887 1010; x_wconf 87' lang='grc' dir='ltr'>ὁ</span> <span class='ocrx_word' id='word_1_53' title='bbox 910 966 945 1010; x_wconf 85' lang='grc' dir='ltr'>δ’</span> <span class='ocrx_word' id='word_1_54' title='bbox 969 966 1052 1025; x_wconf 75' lang='grc' dir='ltr'>ἄρα</span> <span class='ocrx_word' id='word_1_55' title='bbox 1071 963 1107 1026; x_wconf 73' lang='grc' dir='ltr'><strong><em>ᾧ</em></strong></span> <span class='ocrx_word' id='word_1_56' title='bbox 1128 967 1249 1011; x_wconf 79' lang='grc' dir='ltr'>παιδὶ</span> <span class='ocrx_word' id='word_1_57' title='bbox 1269 967 1470 1013; x_wconf 78' lang='grc' dir='ltr'>ὄπασσεν</span> 
     </span>
    </p>

    <p class='ocr_par' dir='ltr' id='par_1_5' title="bbox 141 1036 1900 1694">
     <span class='ocr_line' id='line_1_9' title="bbox 375 1036 554 1095; baseline -0.006 0"><span class='ocrx_word' id='word_1_58' title='bbox 375 1036 554 1095; x_wconf 50' lang='grc' dir='ltr'>γηράςα·</span> 
     </span>
     <span class='ocr_line' id='line_1_10' title="bbox 143 1144 1895 1221; baseline 0.002 -19"><span class='ocrx_word' id='word_1_59' title='bbox 143 1144 338 1202; x_wconf 85' lang='lat' dir='ltr'>Grave</span> <span class='ocrx_word' id='word_1_60' title='bbox 387 1144 500 1201; x_wconf 83' lang='lat' dir='ltr'>hoo</span> <span class='ocrx_word' id='word_1_61' title='bbox 558 1151 622 1201; x_wconf 76' lang='lat' dir='ltr'>et</span> <span class='ocrx_word' id='word_1_62' title='bbox 670 1146 1070 1221; x_wconf 82' lang='lat' dir='ltr'>magnificum,</span> <span class='ocrx_word' id='word_1_63' title='bbox 1124 1148 1225 1204; x_wconf 85' lang='lat' dir='ltr'>sed</span> <span class='ocrx_word' id='word_1_64' title='bbox 1272 1147 1437 1204; x_wconf 92' lang='lat' dir='ltr'>nullo</span> <span class='ocrx_word' id='word_1_65' title='bbox 1489 1167 1626 1205; x_wconf 84' lang='lat' dir='ltr'>oum</span> <span class='ocrx_word' id='word_1_66' title='bbox 1677 1148 1895 1205; x_wconf 83' lang='lat' dir='ltr'>affeetu</span> 
     </span>
     <span class='ocr_line' id='line_1_11' title="bbox 142 1241 1898 1317; baseline 0.002 -19"><span class='ocrx_word' id='word_1_67' title='bbox 142 1242 544 1317; x_wconf 82' lang='lat' dir='ltr'>conjunctum.</span> <span class='ocrx_word' id='word_1_68' title='bbox 632 1241 781 1309; x_wconf 86' lang='lat' dir='ltr'>Quis</span> <span class='ocrx_word' id='word_1_69' title='bbox 822 1243 981 1298; x_wconf 90' lang='lat' dir='ltr'>enim</span> <span class='ocrx_word' id='word_1_70' title='bbox 1022 1262 1142 1305; x_wconf 87' lang='lat' dir='ltr'>non</span> <span class='ocrx_word' id='word_1_71' title='bbox 1173 1243 1416 1312; x_wconf 81' lang='lat' dir='ltr'>diceret,</span> <span class='ocrx_word' id='word_1_72' title='bbox 1448 1246 1548 1302; x_wconf 86' lang='lat' dir='ltr'>vix</span> <span class='ocrx_word' id='word_1_73' title='bbox 1586 1251 1649 1302; x_wconf 77' lang='lat' dir='ltr'>et</span> <span class='ocrx_word' id='word_1_74' title='bbox 1690 1265 1766 1302; x_wconf 92' lang='lat' dir='ltr'>ne</span> <span class='ocrx_word' id='word_1_75' title='bbox 1796 1246 1898 1302; x_wconf 86' lang='lat' dir='ltr'>vix</span> 
     </span>
     <span class='ocr_line' id='line_1_12' title="bbox 141 1337 1900 1415; baseline 0.002 -21"><span class='ocrx_word' id='word_1_76' title='bbox 141 1338 377 1413; x_wconf 91' lang='lat' dir='ltr'>quidem</span> <span class='ocrx_word' id='word_1_77' title='bbox 419 1338 481 1394; x_wconf 92' lang='lat' dir='ltr'>in</span> <span class='ocrx_word' id='word_1_78' title='bbox 524 1339 765 1414; x_wconf 81' lang='lat' dir='ltr'>ancipiti</span> <span class='ocrx_word' id='word_1_79' title='bbox 799 1337 1007 1395; x_wconf 81' lang='lat' dir='ltr'>Marte</span> <span class='ocrx_word' id='word_1_80' title='bbox 1049 1341 1281 1407; x_wconf 87' lang='lat' dir='ltr'>versari,</span> <span class='ocrx_word' id='word_1_81' title='bbox 1313 1341 1415 1415; x_wconf 91' lang='lat' dir='ltr'>qui</span> <span class='ocrx_word' id='word_1_82' title='bbox 1455 1340 1562 1397; x_wconf 82' lang='lat' dir='ltr'>tali</span> <span class='ocrx_word' id='word_1_83' title='bbox 1602 1341 1900 1397; x_wconf 81' lang='lat' dir='ltr'>frueretur</span> 
     </span>
     <span class='ocr_line' id='line_1_13' title="bbox 142 1433 1899 1511; baseline 0.001 -21"><span class='ocrx_word' id='word_1_84' title='bbox 142 1434 466 1491; x_wconf 78' lang='lat' dir='ltr'>faventium</span> <span class='ocrx_word' id='word_1_85' title='bbox 524 1433 862 1490; x_wconf 91' lang='lat' dir='ltr'>Numinum</span> <span class='ocrx_word' id='word_1_86' title='bbox 919 1434 1183 1492; x_wconf 73' lang='lat' dir='ltr'>auxilio?</span> <span class='ocrx_word' id='word_1_87' title='bbox 1291 1435 1381 1492; x_wconf 91' lang='lat' dir='ltr'>Eo</span> <span class='ocrx_word' id='word_1_88' title='bbox 1432 1436 1620 1511; x_wconf 85' lang='lat' dir='ltr'>magis</span> <span class='ocrx_word' id='word_1_89' title='bbox 1672 1436 1899 1492; x_wconf 76' lang='lat' dir='ltr'>excitat</span> 
     </span>
     <span class='ocr_line' id='line_1_14' title="bbox 141 1531 1900 1607; baseline 0.001 -21"><span class='ocrx_word' id='word_1_90' title='bbox 141 1531 428 1598; x_wconf 88' lang='lat' dir='ltr'>remissos,</span> <span class='ocrx_word' id='word_1_91' title='bbox 494 1531 787 1607; x_wconf 80' lang='lat' dir='ltr'>erigitque</span> <span class='ocrx_word' id='word_1_92' title='bbox 858 1531 1087 1588; x_wconf 86' lang='lat' dir='ltr'>animos</span> <span class='ocrx_word' id='word_1_93' title='bbox 1158 1531 1307 1589; x_wconf 89' lang='lat' dir='ltr'>illud</span> <span class='ocrx_word' id='word_1_94' title='bbox 1378 1532 1440 1587; x_wconf 93' lang='lat' dir='ltr'>in</span> <span class='ocrx_word' id='word_1_95' title='bbox 1511 1532 1630 1589; x_wconf 91' lang='lat' dir='ltr'>fine</span> <span class='ocrx_word' id='word_1_96' title='bbox 1700 1550 1900 1589; x_wconf 85' lang='lat' dir='ltr'>versus</span> 
     </span>
     <span class='ocr_line' id='line_1_15' title="bbox 142 1625 431 1694; baseline 0 -12"><span class='ocrx_word' id='word_1_97' title='bbox 142 1625 431 1694; x_wconf 84' lang='lat' dir='ltr'>additum,</span> 
     </span>
    </p>
   </div>
   <div class='ocr_carea' id='block_1_3' title="bbox 436 1742 615 1751">
    <p class='ocr_par' dir='ltr' id='par_1_6' title="bbox 436 1742 615 1751">
     <span class='ocr_line' id='line_1_16' title="bbox 436 1742 615 1751; baseline 0 0"><span class='ocrx_word' id='word_1_98' title='bbox 436 1742 615 1751; x_wconf 95' lang='lat' dir='ltr'> </span> 
     </span>
    </p>
   </div>
   <div class='ocr_carea' id='block_1_4' title="bbox 644 1718 1540 1778">
    <p class='ocr_par' dir='ltr' id='par_1_7' title="bbox 644 1718 1540 1778">
     <span class='ocr_line' id='line_1_17' title="bbox 644 1718 1540 1778; baseline 0.001 -15"><span class='ocrx_word' id='word_1_99' title='bbox 644 1718 743 1763; x_wconf 85' lang='grc' dir='ltr'>ἀλλ’</span> <span class='ocrx_word' id='word_1_100' title='bbox 767 1719 849 1777; x_wconf 81' lang='grc' dir='ltr'>οὐχ</span> <span class='ocrx_word' id='word_1_101' title='bbox 869 1720 960 1765; x_wconf 78' lang='grc' dir='ltr'>υἱὸς</span> <span class='ocrx_word' id='word_1_102' title='bbox 981 1719 1026 1763; x_wconf 84' lang='grc' dir='ltr'>ἐν</span> <span class='ocrx_word' id='word_1_103' title='bbox 1046 1719 1190 1764; x_wconf 79' lang='grc' dir='ltr'>ἔντεσι</span> <span class='ocrx_word' id='word_1_104' title='bbox 1208 1720 1372 1777; x_wconf 80' lang='grc' dir='ltr'>πατρὸς</span> <span class='ocrx_word' id='word_1_105' title='bbox 1393 1720 1540 1778; x_wconf 81' lang='grc' dir='ltr'>ἕγηρα.</span> 
     </span>
    </p>
   </div>
   <div class='ocr_carea' id='block_1_5' title="bbox 118 1833 1902 2757">
    <p class='ocr_par' dir='ltr' id='par_1_8' title="bbox 142 1833 1902 2102">
     <span class='ocr_line' id='line_1_18' title="bbox 145 1833 1902 1910; baseline 0.001 -20"><span class='ocrx_word' id='word_1_106' title='bbox 145 1833 207 1890; x_wconf 96' lang='lat' dir='ltr'>N</span> <span class='ocrx_word' id='word_1_107' title='bbox 210 1835 519 1910; x_wconf 76' lang='lat' dir='ltr'>eeopinato</span> <span class='ocrx_word' id='word_1_108' title='bbox 567 1835 825 1900; x_wconf 88' lang='lat' dir='ltr'>ferimur,</span> <span class='ocrx_word' id='word_1_109' title='bbox 875 1842 937 1891; x_wconf 79' lang='lat' dir='ltr'>et</span> <span class='ocrx_word' id='word_1_110' title='bbox 994 1835 1281 1892; x_wconf 80' lang='lat' dir='ltr'>sentimus</span> <span class='ocrx_word' id='word_1_111' title='bbox 1325 1835 1517 1909; x_wconf 90' lang='lat' dir='ltr'>plane,</span> <span class='ocrx_word' id='word_1_112' title='bbox 1561 1852 1686 1890; x_wconf 88' lang='lat' dir='ltr'>rem</span> <span class='ocrx_word' id='word_1_113' title='bbox 1733 1833 1902 1891; x_wconf 88' lang='lat' dir='ltr'>nobis</span> 
     </span>
     <span class='ocr_line' id='line_1_19' title="bbox 142 1929 1895 1999; baseline -0.001 -12"><span class='ocrx_word' id='word_1_114' title='bbox 142 1949 270 1988; x_wconf 89' lang='lat' dir='ltr'>esse</span> <span class='ocrx_word' id='word_1_115' title='bbox 306 1950 425 1987; x_wconf 92' lang='lat' dir='ltr'>non</span> <span class='ocrx_word' id='word_1_116' title='bbox 471 1950 608 1988; x_wconf 87' lang='lat' dir='ltr'>cum</span> <span class='ocrx_word' id='word_1_117' title='bbox 640 1930 942 1999; x_wconf 86' lang='lat' dir='ltr'>Daemone‚</span> <span class='ocrx_word' id='word_1_118' title='bbox 987 1931 1089 1988; x_wconf 92' lang='lat' dir='ltr'>sed</span> <span class='ocrx_word' id='word_1_119' title='bbox 1134 1949 1272 1987; x_wconf 87' lang='lat' dir='ltr'>eum</span> <span class='ocrx_word' id='word_1_120' title='bbox 1314 1929 1575 1997; x_wconf 89' lang='lat' dir='ltr'>homine,</span> <span class='ocrx_word' id='word_1_121' title='bbox 1620 1935 1682 1986; x_wconf 78' lang='lat' dir='ltr'>et</span> <span class='ocrx_word' id='word_1_122' title='bbox 1722 1955 1895 1996; x_wconf 85' lang='grc' dir='ltr'>μινυν-</span> 
     </span>
     <span class='ocr_line' id='line_1_20' title="bbox 147 2024 600 2102; baseline 0.002 -20"><span class='ocrx_word' id='word_1_123' title='bbox 147 2024 313 2098; x_wconf 76' lang='grc' dir='ltr'>Θαδίῳ</span> <span class='ocrx_word' id='word_1_124' title='bbox 342 2027 600 2102; x_wconf 90' lang='lat' dir='ltr'>quidem.</span> 
     </span>
    </p>

    <p class='ocr_par' dir='ltr' id='par_1_9' title="bbox 118 2123 1902 2583">
     <span class='ocr_line' id='line_1_21' title="bbox 231 2123 1902 2199; baseline 0 -21"><span class='ocrx_word' id='word_1_125' title='bbox 231 2123 405 2191; x_wconf 83' lang='lat' dir='ltr'>Quod</span> <span class='ocrx_word' id='word_1_126' title='bbox 456 2124 615 2180; x_wconf 91' lang='lat' dir='ltr'>idem</span> <span class='ocrx_word' id='word_1_127' title='bbox 668 2123 869 2180; x_wconf 80' lang='lat' dir='ltr'>dedita</span> <span class='ocrx_word' id='word_1_128' title='bbox 915 2141 1094 2199; x_wconf 90' lang='lat' dir='ltr'>opera</span> <span class='ocrx_word' id='word_1_129' title='bbox 1139 2124 1356 2199; x_wconf 78' lang='lat' dir='ltr'>saepius</span> <span class='ocrx_word' id='word_1_130' title='bbox 1394 2123 1457 2179; x_wconf 93' lang='lat' dir='ltr'>in</span> <span class='ocrx_word' id='word_1_131' title='bbox 1503 2128 1769 2180; x_wconf 78' lang='lat' dir='ltr'>mentem</span> <span class='ocrx_word' id='word_1_132' title='bbox 1812 2141 1902 2178; x_wconf 88' lang='lat' dir='ltr'>re-</span> 
     </span>
     <span class='ocr_line' id='line_1_22' title="bbox 147 2217 1898 2296; baseline -0.001 -21"><span class='ocrx_word' id='word_1_133' title='bbox 147 2226 318 2276; x_wconf 78' lang='lat' dir='ltr'>voc-at</span> <span class='ocrx_word' id='word_1_134' title='bbox 360 2219 530 2276; x_wconf 89' lang='lat' dir='ltr'>nobis</span> <span class='ocrx_word' id='word_1_135' title='bbox 570 2219 775 2287; x_wconf 79' lang='lat' dir='ltr'>Poeta,</span> <span class='ocrx_word' id='word_1_136' title='bbox 818 2239 888 2277; x_wconf 88' lang='lat' dir='ltr'>ea</span> <span class='ocrx_word' id='word_1_137' title='bbox 929 2226 1098 2296; x_wconf 83' lang='lat' dir='ltr'>parte</span> <span class='ocrx_word' id='word_1_138' title='bbox 1142 2221 1350 2295; x_wconf 82' lang='lat' dir='ltr'>operiS‚</span> <span class='ocrx_word' id='word_1_139' title='bbox 1403 2238 1532 2295; x_wconf 85' lang='lat' dir='ltr'>quae</span> <span class='ocrx_word' id='word_1_140' title='bbox 1577 2217 1898 2285; x_wconf 86' lang='lat' dir='ltr'>Achillem,</span> 
     </span>
     <span class='ocr_line' id='line_1_23' title="bbox 143 2314 1900 2391; baseline -0.001 -20"><span class='ocrx_word' id='word_1_141' title='bbox 143 2334 280 2371; x_wconf 83' lang='lat' dir='ltr'>eum</span> <span class='ocrx_word' id='word_1_142' title='bbox 322 2315 791 2391; x_wconf 87' lang='lat' dir='ltr'>splendidissimo</span> <span class='ocrx_word' id='word_1_143' title='bbox 821 2316 925 2373; x_wconf 92' lang='lat' dir='ltr'>illo</span> <span class='ocrx_word' id='word_1_144' title='bbox 966 2322 1268 2391; x_wconf 81' lang='lat' dir='ltr'>apparatu,</span> <span class='ocrx_word' id='word_1_145' title='bbox 1299 2317 1694 2373; x_wconf 76' lang='lat' dir='ltr'>instauratum</span> <span class='ocrx_word' id='word_1_146' title='bbox 1735 2314 1900 2390; x_wconf 83' lang='lat' dir='ltr'>quasi</span> 
     </span>
     <span class='ocr_line' id='line_1_24' title="bbox 118 2410 1901 2490; baseline -0.001 -22"><span class='ocrx_word' id='word_1_147' title='bbox 118 2412 372 2490; x_wconf 19' lang='lat' dir='ltr'>&#39;reducit</span> <span class='ocrx_word' id='word_1_148' title='bbox 423 2412 486 2468; x_wconf 92' lang='lat' dir='ltr'>in</span> <span class='ocrx_word' id='word_1_149' title='bbox 530 2411 745 2486; x_wconf 85' lang='lat' dir='ltr'>praelia.</span> <span class='ocrx_word' id='word_1_150' title='bbox 840 2410 1176 2468; x_wconf 84' lang='lat' dir='ltr'>Audiamus</span> <span class='ocrx_word' id='word_1_151' title='bbox 1218 2411 1489 2480; x_wconf 61' lang='lat' dir='ltr'>Thetide„</span> <span class='ocrx_word' id='word_1_152' title='bbox 1534 2429 1651 2486; x_wconf 92' lang='lat' dir='ltr'>quo</span> <span class='ocrx_word' id='word_1_153' title='bbox 1703 2411 1901 2467; x_wconf 88' lang='lat' dir='ltr'>omine</span> 
     </span>
     <span class='ocr_line' id='line_1_25' title="bbox 145 2508 725 2583; baseline 0.002 -20"><span class='ocrx_word' id='word_1_154' title='bbox 145 2524 309 2564; x_wconf 88' lang='lat' dir='ltr'>arma</span> <span class='ocrx_word' id='word_1_155' title='bbox 336 2515 542 2583; x_wconf 77' lang='lat' dir='ltr'>poscat</span> <span class='ocrx_word' id='word_1_156' title='bbox 570 2508 725 2565; x_wconf 88' lang='lat' dir='ltr'>filio:</span> 
     </span>
    </p>

    <p class='ocr_par' dir='ltr' id='par_1_10' title="bbox 379 2627 1483 2757">
     <span class='ocr_line' id='line_1_26' title="bbox 379 2627 1483 2687; baseline 0 -15"><span class='ocrx_word' id='word_1_157' title='bbox 379 2629 454 2672; x_wconf 76' lang='grc' dir='ltr'>τὸν</span> <span class='ocrx_word' id='word_1_158' title='bbox 473 2628 551 2685; x_wconf 80' lang='grc' dir='ltr'>μὲν</span> <span class='ocrx_word' id='word_1_159' title='bbox 572 2628 655 2685; x_wconf 82' lang='grc' dir='ltr'>ἐγὼ</span> <span class='ocrx_word' id='word_1_160' title='bbox 677 2627 902 2685; x_wconf 77' lang='grc' dir='ltr'>θρέψασα,</span> <span class='ocrx_word' id='word_1_161' title='bbox 925 2629 1067 2686; x_wconf 82' lang='grc' dir='ltr'>φυτὸν</span> <span class='ocrx_word' id='word_1_162' title='bbox 1087 2629 1143 2673; x_wconf 81' lang='grc' dir='ltr'>ὣς</span> <span class='ocrx_word' id='word_1_163' title='bbox 1162 2630 1303 2687; x_wconf 77' lang='grc' dir='ltr'>γουνῷ</span> <span class='ocrx_word' id='word_1_164' title='bbox 1326 2627 1483 2683; x_wconf 74' lang='grc' dir='ltr'>ἀλωῆς,</span> 
     </span>
     <span class='ocr_line' id='line_1_27' title="bbox 383 2697 1347 2757; baseline -0.001 -15"><span class='ocrx_word' id='word_1_165' title='bbox 383 2699 534 2754; x_wconf 84' lang='grc' dir='ltr'>νηυσὶν</span> <span class='ocrx_word' id='word_1_166' title='bbox 550 2698 807 2756; x_wconf 81' lang='grc' dir='ltr'>ἐπιπροέηκα</span> <span class='ocrx_word' id='word_1_167' title='bbox 828 2700 1058 2757; x_wconf 85' lang='grc' dir='ltr'>κορωνίσιν</span> <span class='ocrx_word' id='word_1_168' title='bbox 1067 2697 1208 2743; x_wconf 78' lang='grc' dir='ltr'>Ἴλιον</span> <span class='ocrx_word' id='word_1_169' title='bbox 1228 2698 1347 2750; x_wconf 80' lang='grc' dir='ltr'>εἵσω,</span> 
     </span>
    </p>
   </div>
   <div class='ocr_carea' id='block_1_6' title="bbox 379 2767 1568 2896">
    <p class='ocr_par' dir='ltr' id='par_1_11' title="bbox 379 2767 1568 2896">
     <span class='ocr_line' id='line_1_28' title="bbox 379 2767 1568 2826; baseline 0.003 -16"><span class='ocrx_word' id='word_1_170' title='bbox 379 2771 527 2825; x_wconf 89' lang='grc' dir='ltr'>Τρωσὶ</span> <span class='ocrx_word' id='word_1_171' title='bbox 546 2772 863 2825; x_wconf 85' lang='grc' dir='ltr'>μαχησόμενον·</span> <span class='ocrx_word' id='word_1_172' title='bbox 896 2770 971 2812; x_wconf 86' lang='grc' dir='ltr'>τὸν</span> <span class='ocrx_word' id='word_1_173' title='bbox 992 2768 1028 2812; x_wconf 87' lang='grc' dir='ltr'>δ’</span> <span class='ocrx_word' id='word_1_174' title='bbox 1051 2770 1134 2825; x_wconf 82' lang='grc' dir='ltr'>οὐχ</span> <span class='ocrx_word' id='word_1_175' title='bbox 1154 2769 1417 2826; x_wconf 79' lang='grc' dir='ltr'>ὑποδέξομαι</span> <span class='ocrx_word' id='word_1_176' title='bbox 1438 2767 1568 2818; x_wconf 72' lang='grc' dir='ltr'>αὖτις,</span> 
     </span>
     <span class='ocr_line' id='line_1_29' title="bbox 379 2837 1375 2896; baseline 0.003 -16"><span class='ocrx_word' id='word_1_177' title='bbox 379 2837 520 2881; x_wconf 80' lang='grc' dir='ltr'>οἴκαδε</span> <span class='ocrx_word' id='word_1_178' title='bbox 541 2838 827 2895; x_wconf 76' lang='grc' dir='ltr'>νοστήσαντα,</span> <span class='ocrx_word' id='word_1_179' title='bbox 850 2840 982 2896; x_wconf 87' lang='grc' dir='ltr'>δόμον</span> <span class='ocrx_word' id='word_1_180' title='bbox 1003 2840 1197 2896; x_wconf 89' lang='grc' dir='ltr'>Πηληίον</span> <span class='ocrx_word' id='word_1_181' title='bbox 1218 2838 1323 2884; x_wconf 78' lang='grc' dir='ltr'>ε’ίσω</span> <span class='ocrx_word' id='word_1_182' title='bbox 1336 2839 1375 2883; x_wconf 77' lang='lat' dir='ltr'>b.</span> 
     </span>
    </p>
   </div>
   <div class='ocr_carea' id='block_1_7' title="bbox 146 2966 1393 3043">
    <p class='ocr_par' dir='ltr' id='par_1_12' title="bbox 146 2966 1393 3043">
     <span class='ocr_line' id='line_1_30' title="bbox 146 2966 1393 3043; baseline 0.001 -20"><span class='ocrx_word' id='word_1_183' title='bbox 146 2966 477 3024; x_wconf 84' lang='lat' dir='ltr'>Audiamus</span> <span class='ocrx_word' id='word_1_184' title='bbox 505 2969 580 3025; x_wconf 88' lang='lat' dir='ltr'>ab</span> <span class='ocrx_word' id='word_1_185' title='bbox 610 2968 797 3025; x_wconf 78' lang='lat' dir='ltr'>altera</span> <span class='ocrx_word' id='word_1_186' title='bbox 825 2976 994 3043; x_wconf 79' lang='lat' dir='ltr'>parte</span> <span class='ocrx_word' id='word_1_187' title='bbox 1017 2968 1393 3026; x_wconf 81' lang='lat' dir='ltr'>Vulcanum:</span> 
     </span>
    </p>
   </div>
   <div class='ocr_carea' id='block_1_8' title="bbox 380 3098 1472 3302">
    <p class='ocr_par' dir='ltr' id='par_1_13' title="bbox 380 3098 1472 3302">
     <span class='ocr_line' id='line_1_31' title="bbox 383 3098 1404 3159; baseline 0.001 -16"><span class='ocrx_word' id='word_1_188' title='bbox 383 3099 429 3144; x_wconf 82' lang='grc' dir='ltr'>αἵ</span> <span class='ocrx_word' id='word_1_189' title='bbox 444 3101 528 3159; x_wconf 85' lang='grc' dir='ltr'>γάρ</span> <span class='ocrx_word' id='word_1_190' title='bbox 548 3119 620 3157; x_wconf 88' lang='grc' dir='ltr'>μιν</span> <span class='ocrx_word' id='word_1_191' title='bbox 640 3101 839 3146; x_wconf 82' lang='grc' dir='ltr'>θανάτοιο</span> <span class='ocrx_word' id='word_1_192' title='bbox 861 3100 1075 3158; x_wconf 84' lang='grc' dir='ltr'>δυσὴχεος</span> <span class='ocrx_word' id='word_1_193' title='bbox 1095 3098 1178 3145; x_wconf 70' lang='grc' dir='ltr'>ὦδε</span> <span class='ocrx_word' id='word_1_194' title='bbox 1200 3101 1404 3158; x_wconf 82' lang='grc' dir='ltr'>δυναίμην</span> 
     </span>
     <span class='ocr_line' id='line_1_32' title="bbox 380 3170 1472 3231; baseline -0.002 -15"><span class='ocrx_word' id='word_1_195' title='bbox 380 3173 540 3229; x_wconf 90' lang='grc' dir='ltr'>νόσφιν</span> <span class='ocrx_word' id='word_1_196' title='bbox 560 3172 826 3231; x_wconf 79' lang='grc' dir='ltr'>ἀποκρύψαι,</span> <span class='ocrx_word' id='word_1_197' title='bbox 849 3172 919 3217; x_wconf 83' lang='grc' dir='ltr'>ὅτε</span> <span class='ocrx_word' id='word_1_198' title='bbox 939 3191 1012 3230; x_wconf 87' lang='grc' dir='ltr'>μιν</span> <span class='ocrx_word' id='word_1_199' title='bbox 1030 3174 1165 3230; x_wconf 79' lang='grc' dir='ltr'>μόρος</span> <span class='ocrx_word' id='word_1_200' title='bbox 1185 3170 1302 3217; x_wconf 76' lang='grc' dir='ltr'>αἶνος</span> <span class='ocrx_word' id='word_1_201' title='bbox 1323 3173 1472 3223; x_wconf 82' lang='grc' dir='ltr'>ἱκάνοι,</span> 
     </span>
     <span class='ocr_line' id='line_1_33' title="bbox 382 3241 1143 3302; baseline 0.003 -16"><span class='ocrx_word' id='word_1_202' title='bbox 382 3241 440 3289; x_wconf 78' lang='grc' dir='ltr'>ὥς</span> <span class='ocrx_word' id='word_1_203' title='bbox 461 3245 501 3286; x_wconf 81' lang='grc' dir='ltr'>οἱ</span> <span class='ocrx_word' id='word_1_204' title='bbox 522 3243 676 3302; x_wconf 81' lang='grc' dir='ltr'>τεύχεα</span> <span class='ocrx_word' id='word_1_205' title='bbox 697 3245 806 3288; x_wconf 88' lang='grc' dir='ltr'>κάλα</span> <span class='ocrx_word' id='word_1_206' title='bbox 822 3245 1094 3302; x_wconf 82' lang='grc' dir='ltr'>παρέσσεται</span> <span class='ocrx_word' id='word_1_207' title='bbox 1108 3251 1143 3288; x_wconf 77' lang='lat'>0.</span> 
     </span>
    </p>
   </div>
   <div class='ocr_carea' id='block_1_9' title="bbox 153 3379 1906 3552">
    <p class='ocr_par' dir='ltr' id='par_1_14' title="bbox 153 3379 1906 3552">
     <span class='ocr_line' id='line_1_34' title="bbox 253 3379 1906 3454; baseline 0.002 -20"><span class='ocrx_word' id='word_1_208' title='bbox 253 3379 389 3454; x_wconf 86' lang='lat' dir='ltr'>Ipse</span> <span class='ocrx_word' id='word_1_209' title='bbox 441 3381 700 3447; x_wconf 79' lang='lat' dir='ltr'>tandem,</span> <span class='ocrx_word' id='word_1_210' title='bbox 753 3381 1018 3440; x_wconf 83' lang='lat' dir='ltr'>eoelestia</span> <span class='ocrx_word' id='word_1_211' title='bbox 1074 3382 1317 3439; x_wconf 78' lang='lat' dir='ltr'>indutus</span> <span class='ocrx_word' id='word_1_212' title='bbox 1374 3399 1551 3446; x_wconf 87' lang='lat' dir='ltr'>arma,</span> <span class='ocrx_word' id='word_1_213' title='bbox 1611 3399 1785 3438; x_wconf 80' lang='lat' dir='ltr'>curru</span> <span class='ocrx_word' id='word_1_214' title='bbox 1843 3388 1906 3438; x_wconf 77' lang='lat' dir='ltr'>et</span> 
     </span>
     <span class='ocr_line' id='line_1_35' title="bbox 153 3475 1905 3552; baseline 0.001 -22"><span class='ocrx_word' id='word_1_215' title='bbox 153 3475 319 3550; x_wconf 87' lang='lat' dir='ltr'>equis</span> <span class='ocrx_word' id='word_1_216' title='bbox 361 3475 796 3534; x_wconf 75' lang='lat' dir='ltr'>immortalibus</span> <span class='ocrx_word' id='word_1_217' title='bbox 831 3484 1053 3544; x_wconf 79' lang='lat' dir='ltr'>vectUS,</span> <span class='ocrx_word' id='word_1_218' title='bbox 1092 3476 1223 3533; x_wconf 83' lang='lat' dir='ltr'>Diis</span> <span class='ocrx_word' id='word_1_219' title='bbox 1261 3476 1715 3552; x_wconf 88' lang='lat' dir='ltr'>hominibusque</span> <span class='ocrx_word' id='word_1_220' title='bbox 1757 3476 1905 3533; x_wconf 93' lang='lat' dir='ltr'>nihil</span> 
     </span>
    </p>
   </div>
   <div class='ocr_carea' id='block_1_10' title="bbox 327 3594 1728 3712">
    <p class='ocr_par' dir='ltr' id='par_1_15' title="bbox 327 3594 1728 3712">
     <span class='ocr_line' id='line_1_36' title="bbox 327 3594 1728 3653; baseline 0 -15"><span class='ocrx_word' id='word_1_221' title='bbox 327 3602 351 3625; x_wconf 81' lang='lat' dir='ltr'>a</span> <span class='ocrx_word' id='word_1_222' title='bbox 383 3594 437 3638; x_wconf 90' lang='lat' dir='ltr'>Il.</span> <span class='ocrx_word' id='word_1_223' title='bbox 459 3595 563 3639; x_wconf 86' lang='lat' dir='ltr'>xvii.</span> <span class='ocrx_word' id='word_1_224' title='bbox 590 3607 687 3653; x_wconf 89' lang='lat'>195.</span> <span class='ocrx_word' id='word_1_225' title='bbox 911 3597 935 3625; x_wconf 81' lang='lat' dir='ltr'>b</span> <span class='ocrx_word' id='word_1_226' title='bbox 967 3596 1087 3640; x_wconf 81' lang='lat' dir='ltr'>xviii.</span> <span class='ocrx_word' id='word_1_227' title='bbox 1110 3597 1212 3653; x_wconf 85' lang='lat'>438.</span> <span class='ocrx_word' id='word_1_228' title='bbox 1434 3601 1456 3624; x_wconf 73' lang='lat'>‘³</span> <span class='ocrx_word' id='word_1_229' title='bbox 1488 3595 1603 3639; x_wconf 85' lang='lat' dir='ltr'>Ibid.</span> <span class='ocrx_word' id='word_1_230' title='bbox 1626 3594 1728 3650; x_wconf 88' lang='lat'>464.</span> 
     </span>
     <span class='ocr_line' id='line_1_37' title="bbox 1019 3674 1062 3712; baseline 0 0"><span class='ocrx_word' id='word_1_231' title='bbox 1019 3674 1062 3712; x_wconf 95' lang='lat' dir='ltr'>H</span> 
     </span>
    </p>
   </div>
  </div>
 </body>
</html>
