2320 4126
336 208 449 263 306
610 210 819 264 Ver-sari
845 209 905 263 in
930 209 1262 282 reliyionibus
1289 209 1540 280 AEsckyh'
1567 211 1764 264 Persas
1783 231 1800 263 .·
1842 228 2004 265 PRAEL.
2017 228 2152 264 xvn.

427 355 712 414 Profecto
753 376 875 414 non
913 363 1044 414 erat
1090 364 1334 433 tempus
1366 356 1688 414 terendum
1719 357 1782 414 in
1814 356 2154 434 quaestione

339 461 468 513 tam
512 461 755 531 aperta:
803 455 908 512 sed
941 451 1198 512 fecimus
1242 460 1491 531 propter
1536 453 1829 512 leviculos
1859 454 2153 530 quosdam

327 551 633 621 homines,
659 570 917 628 quorum
949 550 1065 609 1100
1098 558 1376 628 tempore
1406 552 1600 628 major
1630 559 1723 611 est
1755 553 1947 630 copia,
1972 571 2154 628 (1113111

339 651 518 709 facile
567 651 724 708 ferat
773 650 877 726 qui
928 669 1070 708 vere
1124 650 1427 728 digneque
1475 658 1640 708 amat
1693 651 1818 709 sive
1862 650 2161 708 virtutem

339 750 466 808 sive
516 750 647 825 ejus
694 747 998 817 ancillam,
1048 748 1306 807 Poesin:
1363 767 1466 806 eos
1512 749 1666 818 dico,
1712 749 1814 826 qui
1859 768 1980 806 non
2025 755 2154 806 tam

340 848 543 905 rident
602 847 736 923 ipsi,
797 865 979 922 quam
1039 846 1116 905 ab
1176 847 1457 905 omnibus
1517 847 1721 905 omnia
1778 847 1955 905 rideri
2013 867 2156 905 con-

338 945 623 1014 firmant3
665 945 769 1021 qui
801 944 963 1003 nihil·
984 965 1021 1003 a
1051 963 1356 1021 quoquam
1388 944 1543 1002 serio
1574 945 1671 1022 agi
1703 951 1956 1021 putant:
1990 946 2150 1022 quod

340 1062 535 1120 genus
579 1042 899 1101 hominum
944 1042 1100 1102 solet
1144 1061 1267 1100 non
1311 1042 1551 1100 modice
1596 1043 1709 1101 sibi
1753 1042 2058 1120 plaudere,
2106 1044 2154 1102 si

341 1143 583 1218 quando
626 1142 874 1201 videant
917 1143 981 1201 in
1026 1161 1091 1200 re
1138 1142 1292 1201 seria
1336 1148 1540 1200 vatem
1586 1141 1901 1221 egregium
1945 1143 2154 1220 inepte

341 1240 572 1299 lusisse.
1789 1305 1791 1307 .

425 1339 549 1398 Sed
603 1340 888 1417 quoniam
948 1339 1133 1397 incidi
1195 1340 1260 1397 in
1318 1338 1683 1418 religionum
1748 1341 2147 1410 mentionem,

338 1441 669 1509 videamus,
714 1460 940 1518 quaeSO,
986 1460 1064 1499 an
1106 1460 1228 1500 non
1269 1440 1514 1499 aliunde
1559 1441 1825 1518 pendeat
1870 1443 2154 1501 universa

337 1539 521 1596 series
595 1545 659 1596 et
722 1538 1008 1607 οἰκονομία
1078 1538 1423 1609 Persarum,
1488 1558 1671 1616 quam
1733 1559 1769 1597 a
1830 1541 2152 1617 propinqui

341 1637 633 1695 Numinis
682 1636 992 1715 religione.
1083 1637 1382 1707 Primum,
1439 1637 1528 1696 ita
1584 1657 1696 1696 nos
1755 1639 1884 1716 ipse
1944 1639 2154 1697 docuit

336 1736 626 1812 scriptor:
681 1737 979 1812 expressis
1025 1736 1224 1795 verbis
1278 1736 1516 1795 cladem
1564 1737 1890 1795 Persarum
1940 1737 2152 1796 retulit

338 1834 414 1891 ad
448 1833 679 1912 templa
711 1834 986 1892 Deorum
1017 1835 1238 1905 diruta,
1269 1855 1520 1912 arasque
1550 1832 1856 1913 pollutasi.

648 2014 808 2026 ......
826 1981 945 2039 σφιν
963 1983 1109 2024 κακῶν
1125 1978 1287 2039 ὕψιστ’
1310 1979 1544 2038 ἐπαμμένει
1565 1980 1740 2034 παθεῖν,

640 2053 812 2114 ὕβρεως
835 2054 993 2099 ἄποινα
1015 2053 1173 2098 κᾶθέου
1195 2052 1495 2112 φρονήματος·

638 2128 679 2173 οἳ
700 2131 783 2188 γῆν
802 2130 1015 2187 μολόντες
1035 2127 1236 2180 Ἑλλάδ’,
1260 2129 1311 2172 οὗ
1334 2128 1445 2174 θεῶν
1464 2127 1606 2186 βρέτη

638 2202 827 2259 ᾐδοῦντο
852 2205 1012 2261 συλᾷν,
1037 2203 1139 2247 οὐδὲ
1161 2203 1406 2262 πιμπράναι
1430 2202 1552 2249 νέως·

640 2278 784 2334 βώμοι
807 2275 844 2321 δ’
867 2276 1031 2329 ἅῖστοι,
1053 2277 1269 2334 δαιμόνων
1291 2274 1330 2320 θ’
1354 2274 1570 2334 ἱδρύματα

636 2350 853 2407 πρόρριζα
874 2347 1051 2409 φύρδην
1070 2348 1420 2407 ἐξανέστραπται
1440 2348 1635 2407 βάθρων.

637 2423 793 2482 τοίγαρ
818 2427 958 2470 κακῶς
979 2423 1239 2482 δρασάντες,
1263 2423 1342 2467 οὐκ
1365 2422 1599 2468 ἐλάσσονα

639 2498 892 2555 πάσχουσι,
914 2497 967 2541 τὰ
989 2497 1038 2542 δὲ
1059 2496 1302 2555 μέλλουσι,
1321 2495 1519 2541 κουδέπω
1541 2496 1685 2542 κάκων

639 2574 794 2631 κρῆπις
815 2570 1017 2624 ὕπεστιν,
1040 2570 1143 2616 ἀλλ’
1166 2570 1226 2617 ἔτ’
1251 2570 1542 2616 ἐκπιδευέται,

339 2698 583 2757 Deinde
610 2699 754 2775 quid
787 2698 899 2757 sibi
923 2696 1057 2756 vult
1087 2696 1330 2768 Atossa‚
1360 2697 1675 2775 colloquiis
1704 2698 1834 2756 istis
1856 2698 1981 2757 sive
2012 2717 2151 2757 cum

334 2796 535 2856 Choro
559 2797 802 2866 habitis,
827 2798 953 2856 sive
982 2817 1119 2855 cum
1156 2796 1327 2855 Darii
1358 2797 1590 2866 umbra,
1621 2797 1737 2855 nisi
1768 2804 1838 2855 ut
1864 2796 2029 2855 Deos
2052 2797 2149 2855 vel

332 2896 626 2972 propitios
657 2915 895 2955 servare
926 2894 1024 2953 vel
1053 2895 1293 2972 placare
1324 2896 1513 2972 possit
1543 2895 1773 2955 iratos?
1837 2895 2148 2954 Nimirum

330 2993 393 3050 id
436 3002 565 3052 erat
606 2997 917 3072 proprium
948 2994 1219 3072 AEschyli
1264 2995 1474 3064 nostri,
1507 3002 1579 3053 ut
1624 2995 1702 3054 ad
1738 2996 2034 3072 pietatem
2081 3001 2146 3052 et

330 3091 686 3171 religionem
718 3094 898 3153 unice
928 3096 1131 3153 omnia
1162 3094 1431 3154 traheret
1462 3115 1533 3155 ac
1563 3095 1836 3154 referret.
1926 3094 2148 3170 Itaque

333 3211 473 3249 cum
518 3193 575 3250 ei
622 3193 895 3252 docenda
938 3200 1068 3252 erat
1114 3192 1319 3251 fabula
1364 3194 1440 3252 de
1484 3194 1716 3252 recenti
1757 3193 2144 3253 Athenarum

331 3289 542 3368 gloria,
585 3291 830 3369 plenam
877 3294 1122 3371 quidem
1168 3291 1330 3350 bello
1386 3298 1449 3349 et
1505 3291 1715 3350 Marte
1769 3291 2159 3368 conscripsit,

332 3388 577 3464 plenam
630 3392 829 3451 navali
877 3393 1142 3451 clamore
1194 3399 1380 3468 atque
1428 3392 1701 3468 impetu:
1765 3391 2033 3467 peritum
2083 3408 2148 3448 se

335 3486 622 3558 locorum,
657 3493 869 3567 patriae
916 3498 1242 3560 amantem,
1284 3491 1442 3558 bene
1487 3510 1743 3569 gnarum
1790 3489 2144 3566 reipublicae

1084 3641 1097 3671 i
1131 3642 1258 3685 Pers.
1282 3641 1388 3685 812.
