2320 4126
196 235 357 269 PRAEL.
377 235 481 268 xvl.
585 216 810 280 Quonam
823 212 1053 281 periculo
1073 211 1271 278 priores
1296 211 1567 261 imitemur.
1840 210 1948 263 279

199 357 572 425 sententiam,
617 373 962 430 expromere
1006 353 1239 419 audeat,
1284 361 1418 426 quae
1470 364 1586 413 non
1635 351 1949 406 accuratis-

200 455 346 511 sime
376 454 663 509 formetur
691 453 765 508 ad
805 450 1107 525 exemplar
1146 450 1271 524 ejus
1306 468 1373 505 ac
1412 446 1736 504 modulum.
1827 445 1948 503 Vel

202 551 400 615 etiam,
431 549 489 605 i'd
523 549 679 623 quod
711 548 902 605 multo
933 548 1000 604 fit
1030 547 1262 621 saepiUS,
1293 551 1502 620 sponte
1538 550 1718 618 atque
1759 543 1949 609 inscii,

197 645 334 703 cum
358 648 571 702 amore¹
587 645 859 719 quodam,
885 663 1029 718 quos
1055 643 1371 719 diligimus,
1393 642 1714 704 imitamur.
1762 638 1948 696 Plane

199 744 351 800 sicut
370 742 605 799 evenire
626 741 893 798 videmus
911 741 971 796 in
991 740 1418 797 consuetudine
1429 740 1571 795 vitae
1592 737 1947 804 communis-3

197 839 263 896 ut
301 858 446 914 quos
485 838 654 894 valde
698 844 899 894 amant
942 837 1232 904 homines,
1262 853 1632 910 quorumque
1671 834 1949 890 convictu

193 935 577 992 libentissime
607 934 899 1000 fruuntur,
924 952 1128 989 eorum
1153 932 1309 989 ultro
1339 932 1597 988 referant
1627 930 1948 1006 imaginem

194 1029 287 1086 vel
327 1031 451 1104 ipso
492 1036 683 1106 gestu,
715 1028 989 1095 statione,
1019 1028 1267 1085 incessu,
1356 1027 1429 1084 In
1458 1046 1575 1102 quo
1608 1025 1949 1101 diligentius

195 1127 537 1191 cavendum,
597 1145 673 1182 ne
739 1126 797 1181 in
861 1125 1201 1182 satietatem
1265 1143 1452 1198 usque
1522 1123 1949 1200 progrediatur,

192 1225 370 1297 atque
426 1223 488 1278 in
546 1221 747 1279 oculos
806 1222 1073 1278 omnium
1133 1220 1384 1278 moleste
1446 1220 1621 1277 nimis
1689 1220 1950 1278 incurrat

191 1318 476 1376 imitatio:
519 1338 649 1394 quae
691 1337 783 1375 res
828 1319 1329 1375 existimationem
1374 1318 1514 1374 boni
1559 1336 1794 1392 quoque
1839 1317 1950 1373 viri-

191 1433 259 1471 ac
290 1415 567 1490 sapientis
597 1413 729 1489 plus
758 1434 931 1489 aequo
962 1415 1229 1471 minuere
1259 1413 1427 1471 solet.
1505 1413 1687 1471 'Idem
1717 1433 1856 1472 vero
1887 1415 1949 1470 in

162 1512 256 1578 *re
306 1511 542 1586 poetica
591 1511 780 1585 primo
839 1510 1160 1567 lectoribus
1216 1512 1505 1579 odiosum,
1557 1511 1771 1567 deinde
1829 1530 1949 1567 non

188 1607 365 1672 facile
416 1609 814 1665 committitur
870 1608 1091 1682 absque
1150 1607 1513 1664 detrimento
1570 1613 1701 1663 tum
1759 1607 1948 1676 famae,

189 1707 322 1761 tum
375 1706 556 1761 etiam
608 1704 830 1780 ingenii
889 1705 1216 1761 scribentis.
1324 1704 1401 1771 Is,
1461 1710 1530 1760 ut
1589 1723 1708 1760 uno
1767 1705 1948 1762 verbo

186 1801 401 1869 dicam,
445 1802 519 1858 de
569 1802 756 1877 gradu
803 1819 908 1858 suo
957 1801 1263 1876 dejicitu'r3
1329 1781 1548 1876 quique
1595 1801 1738 1858 ali-as
1786 1801 1948 1861 haud

184 1896 499 1954 infeliciter
527 1897 743 1972 primas
780 1897 889 1954 sibi
919 1905 1115 1973 partes
1146 1904 1301 1955 esset
1331 1903 1721 1973 arrogaturus,
1742 1917 1948 1955 veren-

185 1993 444 2049 dum'ne'
463 1993 572 2050 hac
602 1995 830 2051 ratione
860 1994 1089 2051 desinat
1119 1994 1180 2050 in
1210 1995 1573 2051 imitatorem
1603 1994 1887 2050 merum.''

267 2088 515 2147 Addent
557 2091 818 2158 fortasse,
850 2092 950 2165 qui
986 2092 1048 2147 in
1088 2091 1241 2148 hanc
1277 2098 1509 2167 partem
1538 2089 1946 2166 disputabunt,

183 2194 217 2237 ‘-‘
239 2186 352 2244 hoc
394 2186 542 2244 illud
587 2206 728 2254 esse,
761 2189 918 2262 quod
957 2189 1019 2244 in
1056 2189 1298 2246 diversis
1335 2189 1678 2265 regionibus*
1715 2193 1943 2248 exortae

185 2283 399 2357 saepius
419 2288 573 2339 ‘sunt
618 2282 939 2341 Poetarum
969 2285 1135 2359 quasi
1179 2284 1419 2354 schol-ae,
1456 2283 1677 2342 similes
1721 2303 1943 2351 ear-um,

185 2397 314 2454 quae
356 2398 391 2434 a
435 2377 808 2454 Philosophis
851 2381 1264 2449 nominantur3
1316 2381 1531 2456 quibus
1574 2380 1723 2437 nihil
1765 2381 1827 2437 in
1871 2400 1942 2437 eo

183 2492 399 2549 genere
457 2475 719 2533 deterius
775 2495 852 2533 ne
921 2478 1167 2553 cogitari
1228 2478 1468 2552 quidem
1535 2477 1758 2552 possit:
1830 2477 1942 2534 nisi

185 2567 337 2625 forte
370 2569 729 2644 judicemus,
762 2571 1000 2627 turbam
1045 2591 1268 2640 eorum,
1306 2573 1406 2647 qui
1449 2580 1554 2629 aut
1600 2572 1941 2629 Petrarcam

186 2665 343 2721 inter
387 2664 591 2733 Italos,
638 2673 742 2723 aut
783 2686 816 2723 e
857 2668 1071 2724 nostris
1112 2667 1443 2725 Miltonum
1487 2676 1625 2726 sunt
1668 2668 1939 2736 insecuti,

182 2758 479 2816 laudabile
519 2760 740 2835 aliquid
781 2763 854 2819 ad
896 2781 1036 2837 opes
1067 2763 1322 2822 Poeseos
1353 2764 1691 2821 contulisse.
1777 2762 1939 2830 Quin

182 2856 389 2931 saepius
437 2875 548 2913 usu
599 2857 833 2914 venire”
878 2859 1062 2926 aiunt,
1110 2867 1143 2891 ‘⁶
1167 2867 1235 2916 ut
1282 2880 1415 2935 quae
1461 2868 1696 2937 genteS,
1717 2859 1938 2934 quique

179 2952 467 3021 homineS,
511 2953 586 3009 ad
638 2955 958 3028 captandas
1000 2956 1417 3013 similitudines
1460 2957 1578 3013 sint
1629 2955 1935 3030 aptissimi,

177 3046 219 3102 ii
276 3046 622 3123 plerumque
681 3068 890 3124 parum
941 3051 1015 3107 de
1061 3051 1297 3126 proprio
1354 3051 1690 3109 habeant:”
1754 3051 1935 3124 idque

180 3143 528 3200 confirmant
578 3145 855 3221 exemplo
905 3147 1279 3222 potissimum
1336 3167 1371 3204 a
1426 3147 1688 3205 Russicis
1745 3146 1932 3205 literis

181 3239 406 3314 petito:
459 3258 602 3313 quas
642 3241 847 3298 dicunt
894 3242 1068 3298 “fere
1112 3242 1304 3300 nullas
1348 3251 1571 3312 extare,
1618 3250 1932 3319 propterea

179 3334 336 3406 quod
367 3352 437 3389 ea
464 3352 609 3409 gens
647 3336 955 3394 mirificam
985 3337 1333 3395 facultatem
1376 3338 1592 3396 habeat
1631 3339 1929 3397 ediscendi

177 3425 423 3503 linguas,
453 3435 514 3484 et
543 3428 822 3487 facillime
852 3449 978 3488 sese
1009 3430 1211 3489 flectat
1246 3432 1320 3489 ad
1357 3421 1595 3490 omnem
1635 3434 1926 3510 peregrini

177 3523 459 3581 sermonis
492 3523 892 3582 varietatem.'’
