2320 4126
310 285 464 319 PRAEL.
488 286 575 320 XX.
690 268 830 332 quid
848 267 915 320 sit
945 267 1187 337 Trihyiae
1215 268 1451 321 Oresteiae
1464 272 1754 340 proprium.
1957 275 2068 328 357

681 407 683 409 ¹
717 408 869 459 βιαίως
889 408 966 464 ξὺν
984 410 1129 469 χρόνῳ
1150 406 1375 464 καθήσειν,

719 481 880 538 λαῖφος
901 480 1003 525 ὅταν
1022 481 1137 537 λάβῃ
1158 483 1302 533 πόνος,

718 551 982 609 θραυομένας
1002 552 1184 610 κεραίας·

722 625 844 667 καλεῖ
863 622 899 667 δ’
921 624 1152 670 ἀκουόντας
1173 624 1309 669 οὐδέν·
1344 624 1389 669 ἐν
1407 625 1522 682 μέσᾳ

721 696 939 740 δυσπαλεῖ
958 715 1005 740 τε
1026 696 1134 753 δίνᾳ·

718 769 827 825 γελᾷ
849 766 884 811 δ’
908 770 932 811 ὁ
949 768 1110 825 δαίμων
1131 767 1195 812 ἐπ’
1217 768 1340 826 ἀνδρὶ
1362 769 1519 828 θερμῶ,

721 840 797 883 τὸν
817 838 961 884 οὔποτ’
985 839 1181 898 αὐχοῦντ’
1205 840 1306 884 ἷδὼν
1325 840 1558 899 ἀμηχάνοις

720 910 840 958 δύαις
858 912 1086 965 λέπαδνον,
1109 912 1197 957 οὔδ’
1219 913 1463 972 ὑπερθέοντ’
1487 914 1632 972 ἄκραν·

722 984 775 1028 δι’
798 985 950 1030 αἰῶνος
971 985 1018 1029 δὲ
1038 986 1114 1029 τὸν
1132 986 1236 1043 πρὶν
1255 984 1393 1039 ὄλβον

723 1055 874 1113 ἕρματι
894 1057 1165 1114 προσβάλων
1185 1057 1318 1109 δίκας,

720 1127 843 1172 ὤλετ’
865 1128 1124 1181 ἄκλαυστος,
1147 1125 1312 1175 ἀΐστος.

312 1251 546 1328 Religio
582 1251 754 1327 plane
798 1260 954 1310 esset
998 1253 1094 1310 hic
1131 1255 1433 1312 omittenti
1475 1253 1675 1310 nobile
1721 1254 1887 1322 illud,
1926 1254 2066 1312 Cas-

309 1349 519 1406 sandra
548 1349 846 1425 loquente,
877 1369 1114 1408 carmen
1134 1359 1190 1408 e:

724 1491 792 1534 καὶ
812 1491 896 1548 μὴν
916 1493 940 1534 ὁ
960 1492 1161 1549 χρησμὸς
1176 1490 1310 1535 οὔκετ’
1329 1491 1375 1534 ἐκ
1397 1491 1680 1547 καλυμμάτων
1698 1519 1703 1523 -

720 1564 846 1609 ἔσται
866 1564 1092 1622 δεδορκὼς,
1115 1565 1326 1622 νεογάμου
1347 1563 1517 1623 νύμφης
1538 1561 1670 1620 δίκην,

719 1637 919 1694 λαμπρὸς
939 1635 975 1680 δ’
999 1637 1134 1681 ἔοικεν
1154 1636 1279 1693 ἡλίου
1299 1638 1409 1695 πρὸς
1429 1637 1614 1682 ἀντόλας

720 1709 859 1753 πνέων
880 1708 1066 1765 ε’σὴξειν,
1089 1711 1203 1754 ὥστε
1225 1711 1407 1766 κυμάτος
1428 1710 1551 1765 δίκην

723 1781 889 1836 κλύζειν
908 1783 1018 1839 πρὸς
1037 1783 1170 1839 αὐγὰς
1190 1782 1317 1832 τοῦδε
1338 1781 1531 1839 πήματος
1550 1782 1664 1825 πολὺ

723 1856 883 1911 μεῖζον.

313 1974 643 2042 Videtisne,
674 1972 962 2053 AEschylo
992 1977 1149 2034 aliud
1182 1977 1381 2054 agenti
1412 1966 1576 2033 nullo
1599 1977 1840 2053 negot-io
1866 1977 2065 2033 venire

311 2072 370 2127 in
401 2080 663 2129 mentem
694 2074 1054 2130 matutinum
1075 2073 1270 2149 jubar,
1296 2074 1492 2130 medio
1523 2072 1790 2140 Ocean03
1830 2073 2069 2148 quibus-

309 2187 426 2243 que
478 2169 538 2226 id
584 2169 773 2226 modis
824 2170 1032 2226 cadere
1080 2169 1268 2226 soleat
1319 2170 1380 2225 in
1427 2169 1643 2226 fluctus
1691 2187 1866 2225 mane
1911 2188 2066 2225 novo

309 2265 667 2323 commotos?
755 2265 910 2322 Sane
952 2266 1299 2341 scriptorem
1330 2265 1634 2323 declarant
1671 2266 1784 2323 ista
1827 2285 1946 2322 non
1981 2267 2069 2322 in-

308 2369 622 2438 expertum
671 2363 756 2419 rei
802 2363 1129 2427 maritimae,
1177 2369 1239 2418 et
1283 2363 1344 2418 in
1384 2381 1454 2418 ea
1505 2362 1894 2419 libentissime
1942 2382 2068 2419 mo-

311 2466 563 2517 tantem.

396 2556 515 2613 Sed
538 2555 661 2613 haec
690 2556 992 2613 hactenus.
1083 2555 1323 2612 Etenim
1349 2552 1607 2633 πάρεργα
1639 2563 1776 2612 sunt
1807 2563 2061 2624 tantum,

310 2644 468 2729 quod
524 2654 598 2710 ad
655 2653 759 2710 has
809 2660 971 2710 certe
1031 2659 1150 2709 tres
1201 2652 1537 2729 Tragoedias
1583 2654 1818 2710 attinet.
1856 2667 1858 2669 ’
1910 2653 2062 2709 Rem

312 2750 588 2807 videlicet
613 2732 999 2827 AEschyleam‘
1027 2769 1133 2806 nos
1169 2769 1240 2806 eo
1270 2750 1398 2824 jam
1430 2750 1802 2816 deduximUS,
1843 2759 1910 2806 ut
1946 2768 2070 2805 cre-

311 2846 493 2903 dibile
536 2846 631 2915 sit,
663 2846 914 2903 Poetam
954 2848 1015 2902 in
1057 2845 1574 2924 nobili‘rpfflorqu,
1617 2865 1745 2920 quae
1788 2846 1862 2902 ab
1907 2844 2070 2920 Aga-

310 2962 626 3000 memnone
683 2944 907 3018 incipit,
967 2943 1149 3000 alium
1213 2933 1386 3019 longe
1445 2963 1512 2999 ac
1572 2943 1783 3019 vulgus
1833 2943 2070 3018 Tragoe-

312 3042 521 3098 dorum·
564 3041 931 3115 proposuisse
975 3039 1084 3096 sibi
1128 3040 1306 3096 finem
1354 3040 1610 3114 suscepti
1642 3041 1852 3114 operis.
1942 3039 2069 3095 Illis

310 3137 470 3193 enim
500 3136 847 3212 plerumque
876 3138 936 3193 in
973 3138 1171 3193 animo
1202 3144 1309 3203 est,
1340 3136 1580 3193 familiae
1612 3136 1917 3211 cujusdam
1955 3144 2066 3191 vseu

311 3234 463 3290 forte
506 3232 848 3309 reipublicae
888 3234 1153 3290 fortunas
1182 3233 1256 3289 ad
1286 3251 1423 3288 eum
1464 3232 1694 3288 exitum
1726 3232 2065 3307 perducere,

312 3330 413 3403 qui
442 3329 544 3386 diu
571 3329 700 3403 jam
730 3339 869 3386 ante
901 3329 1175 3405 cognitus
1205 3327 1281 3383 sit
1312 3335 1373 3384 et
1404 3335 1763 3403 perspectus
1863 3327 2066 3403 AEqui-

931 3551 933 3558 ,
965 3518 979 3574 ‘5
1058 3510 1211 3566 Ayam.
1241 3523 1366 3567 1149.
