2320 4126
305 198 416 251 238
669 196 1008 272 Componitur
1032 203 1289 256 Homerus
1314 220 1429 257 cwm
1453 204 1704 258 Bura-sio„
1808 222 1974 258 PRAEL.
1996 222 2108 261 xw.

307 364 463 415 mUS,
495 345 843 426 indignatus
874 349 1005 416 sibi,
1038 348 1147 407 tali
1181 349 1326 418 vire,
1351 349 1536 408 tribui
1561 349 1792 409 victum
1816 358 1880 410 et
1910 351 2111 411 cubile

305 463 638 521 pauperum
650 453 690 504 θ.

549 596 599 641 Si
620 596 799 641 Natura
814 596 946 655 jubet
968 595 1156 641 domino
1179 596 1346 643 servire
1368 598 1582 657 superbO,

612 671 709 716 Cur
728 671 959 716 liberrima
980 685 1052 715 me
1074 670 1192 729 rapit
1213 672 1301 716 alte

548 744 685 790 Mens
708 744 876 789 animi?
913 744 984 789 sin
1007 744 1123 789 liber
1144 759 1237 798 ero,
1260 744 1372 805 quid
1393 746 1544 792 vincla
1564 747 1827 807 minaeque?

304 881 450 941 Tale
479 883 800 958 aliquando
832 883 1138 960 specimen
1170 884 1361 942 edidit
1391 885 1577 961 ipsius
1609 885 1685 942 de
1728 904 1835 944 sua
1865 886 2110 944 fortuna

306 982 621 1039 sententiae
682 981 876 1040 Poeta
949 983 1025 1040 de
1099 983 1471 1042 nostratibus
1543 983 1812 1053 illustriS,
1885 983 2112 1043 Scotiae

304 1079 532 1148 lumen,
567 1078 822 1137 Homeri
869 1080 1210 1140 simillimus
1241 1088 1376 1139 tum
1420 1102 1624 1139 rerum
1669 1083 2002 1161 agrestium
2048 1090 2112 1141 et

304 1178 599 1255 incompti
630 1179 782 1237 ruris
819 1198 1044 1249 amore,
1076 1186 1230 1248 tum,
1261 1186 1330 1236 ut
1370 1179 1543 1238 nobis
1575 1181 1823 1257 quidem
1854 1182 2113 1249 videtur,

306 1285 596 1356 egestate.
687 1277 888 1347 Quam
920 1276 1142 1336 vellem
1174 1277 1385 1336 similis
1416 1280 1723 1337 extitisset
1769 1286 1834 1337 et
1879 1299 1958 1338 ex
1998 1280 2114 1338 hac

307 1395 547 1453 quoque
566 1384 755 1454 parte,
775 1384 846 1434 ut
869 1396 1098 1454 pauper
1119 1397 1259 1435 cum
1281 1384 1458 1447 esset,
1477 1378 1741 1456 benigne
1761 1398 1831 1437 ac
1851 1379 2115 1437 suaviter

306 1484 516 1554 ageret
564 1495 703 1534 cum
749 1475 1158 1553 locupletibus
1204 1484 1267 1534 et
1313 1476 1670 1546 fortunatis;
1733 1484 1918 1554 atque
1962 1478 2114 1536 adeo

307 1595 446 1633 cum
480 1583 641 1634 sorte
671 1594 780 1633 sua
808 1575 1018 1634 ludere
1050 1595 1226 1652 quam
1261 1576 1445 1634 rixari
1474 1575 1820 1634 maluisset!
1875 1575 2115 1636 Verum

306 1675 370 1732 in
421 1674 534 1733 hac
582 1694 660 1743 re,
708 1675 865 1732 sicut
910 1675 975 1731 in
1019 1674 1185 1732 omni
1231 1675 1376 1744 vita,
1420 1675 1753 1752 plurimum
1802 1675 1858 1733 ei
1905 1676 2116 1733 nocuit

307 1772 551 1829 insanus
588 1770 836 1847 quidam
881 1790 951 1828 ac
996 1770 1177 1848 plane
1214 1772 1572 1831 temerarius
1617 1773 1693 1830 ad
1733 1771 2115 1849 voluptatem

307 1869 501 1926 ardor.
593 1868 759 1928 Hinc
807 1869 931 1938 irae,
979 1878 1202 1938 metus,
1252 1870 1676 1947 aegritudines3
1742 1869 1884 1928 hinc
1943 1887 2116 1927 mens

304 1966 450 2025 mali
497 1969 609 2026 sibi
656 1969 911 2037 conscia,
960 1988 1074 2026 nec
1119 1969 1264 2026 satis
1309 1970 1592 2046 cuiquam
1638 1976 1744 2027 aut
1797 1968 2116 2027 hominum

306 2074 413 2126 aut
466 2087 667 2126 rerum
720 2068 1018 2145 benigna:
1073 2068 1215 2126 hinc
1270 2070 1345 2126 de
1397 2068 1709 2146 republica
1753 2088 1910 2127 caeca
1953 2089 2117 2126 mur-

304 2187 494 2236 mura,
543 2167 881 2245 indignatio
942 2166 1267 2234 liberrima,
1321 2168 1369 2225 si
1417 2169 1521 2244 qui
1575 2168 1879 2226 beatiores
1929 2188 2115 2245 quam

305 2287 413 2344 pro
444 2268 677 2324 meritis
713 2266 836 2324 suis
866 2267 1236 2325 viderentur.
1328 2266 1573 2335 Contra,
1611 2267 1938 2336 HomerUS,
1972 2288 2115 2326 cum

306 2367 510 2435 fuerit,
543 2374 614 2424 ut
659 2367 723 2423 in
756 2365 1022 2424 Ethnico
1053 2366 1363 2443 scriptore,
1394 2366 1663 2424 maxime
1703 2366 2111 2443 pudibundus,

305 2473 779 2524 consentaneum
818 2472 948 2523 erat
988 2472 1059 2523 ut
1104 2465 1286 2523 rebus
1325 2465 1729 2542 praesentibus
1770 2484 2009 2542 semper
2050 2484 2114 2523 se

303 2565 558 2623 hilarem
605 2572 669 2623 et
721 2584 966 2641 aequum
1015 2571 1350 2641 praestaret.
1460 2562 1608 2622 Non
1669 2565 1833 2621 enim
1892 2564 2115 2622 frustra

304 2665 535 2722 dictum
599 2671 708 2733 est,
772 2663 1164 2740 quaerendum
1238 2683 1386 2732 esse,
1463 2670 1496 2694 ‘⁶
1521 2663 1666 2739 quid
1729 2682 1886 2741 pure
1951 2669 2109 2721 tran-

304 2761 506 2841 quillet
526 2763 578 2829 ;”
614 2769 685 2821 ut
715 2762 1149 2841 intelligamuS,
1172 2763 1277 2839 qui
1310 2761 1459 2819 velit
1490 2761 1698 2838 quieto
1730 2781 1860 2820 esse
1890 2762 2113 2832 anim0,

302 2862 391 2919 illi
423 2870 567 2920 ante
598 2863 799 2920 omnia
830 2862 1158 2920 vivendum
1190 2880 1321 2920 esse
1362 2868 1528 2919 caste
1566 2880 1637 2919 ac
1674 2880 1840 2938 pure.
1931 2858 2111 2918 Adeo

303 2980 627 3020 commune
656 2961 962 3037 quoddam
1004 2967 1097 3019 est
1140 2960 1454 3019 vinculum
1483 2961 1783 3018 virtutum
1815 2960 2109 3027 omnium,

303 3077 445 3116 cum
474 3058 636 3116 inter
665 3076 729 3116 se
759 3064 894 3116 tum
926 3077 1068 3116 cum
1099 3078 1240 3118 vera
1267 3078 1337 3117 ac
1368 3058 1645 3136 legitima
1677 3057 1874 3116 Poesi.

392 3255 630 3315 Verum
661 3258 968 3334 quoniam,
999 3258 1092 3315 uti
1132 3276 1323 3334 spem,
1356 3256 1500 3314 satis
1531 3256 1756 3314 diserte
1788 3255 2107 3333 explicavi,

304 3355 449 3431 quid
510 3356 587 3414 ad
648 3356 1043 3416 Homericam
1115 3356 1284 3414 illam
1352 3355 1716 3414 suavitatem
1780 3354 2109 3414 contulerit

660 3569 676 3585 ⁰
707 3560 752 3599 If
768 3560 845 3598 I'm
867 3560 1052 3611 design'd
1073 3573 1155 3614 yon
1176 3559 1388 3610 lordling’s
1407 3557 1533 3606 slave,
1555 3560 1630 3598 &c.

1198 3631 1378 3670 Burns's
1400 3631 1559 3679 Poems,
1588 3643 1626 3681 p.
1656 3627 1744 3682 196.
1769 3627 1902 3667 Lond.
1930 3627 2046 3677 1833.
