2320 4126
413 237 487 292 64
713 239 990 292 Primami
1013 239 1175 292 multa
1203 238 1452 303 tacebunt,
1481 246 1616 291 metu
1640 237 1875 290 ridiculi.
1980 256 2140 290 PRAEL.
2166 257 2218 291 V.
2307 262 2313 269 ·

414 377 706 446 sentiunt,
760 383 830 434 ut
891 376 1001 433 sibi
1066 377 1320 452 quisque
1388 375 1612 434 habeat
1671 394 1895 432 nomen
1955 374 2219 451 aliquod,

414 496 540 553 prae
593 476 832 534 caeteris
892 494 1098 532 carum
1152 494 1222 532 ac
1277 474 1658 532 venerabile:
1698 475 1892 550 quod
1939 475 2090 531 adeo
2142 494 2220 532 ne

414 576 711 633 nominari
773 576 1036 650 quidem,
1097 574 1211 631 nisi
1275 573 1456 651 digne
1517 592 1717 631 coram
1780 574 1991 651 dignis,
2053 573 2220 631 velit.

417 674 655 752 Dignus
686 680 911 740 autem,
946 672 1049 748 qui
1080 673 1198 730 ista
1238 672 1463 738 audiat,
1498 672 1601 729 vix
1642 690 1800 730 unus
1841 671 2114 748 alterque
2146 672 2221 729 de

414 773 624 830 multis
656 772 997 829 videbitur:
1047 777 1270 847 quotus
1312 772 1471 828 enim
1507 771 1762 847 quisque
1791 770 2069 849 flagranti
2100 790 2222 828 non

414 873 706 952 frigebit?
776 873 927 949 quis,
989 880 1299 929 commoto
1360 871 1610 930 alterius
1672 873 1893 941 anime,
1954 873 2098 931 satis
2159 891 2222 930 se

415 970 827 1030 commovebit
858 977 1041 1047 atque
1074 970 1326 1028 efferet?

503 1071 708 1138 Porr0,
757 1089 898 1127 cum
951 1076 1131 1128 acute
1185 1077 1436 1127 cernant
1489 1068 1784 1135 homines,
1838 1091 1975 1147 quae
2024 1070 2100 1128 ad
2153 1090 2225 1128 ea

415 1178 710 1248 spectant,
743 1190 880 1247 quae
923 1170 1035 1227 sibi
1068 1169 1244 1227 valde
1290 1176 1431 1227 sunt
1473 1169 1674 1239 cordi3
1721 1170 1943 1227 mirum'
1981 1171 2043 1227 ni
2084 1170 2226 1227 ridi-

416 1270 536 1328 culi
579 1289 819 1346 quoque
861 1276 1035 1326 metu
1079 1269 1392 1327 retrahant
1435 1288 1498 1326 se
1544 1268 1895 1345 frequenter
1937 1289 2007 1328 ac
2053 1280 2223 1326 revo-'

417 1377 578 1439 cent,
609 1369 713 1446 qui
759 1369 905 1427 alias
950 1370 1224 1445 erupturi
1275 1375 1447 1427 erant
1484 1369 1547 1426 in
1586 1369 2007 1427 ardentissima
2044 1369 2228 1427 verba

419 1486 734 1543 vocesque.
828 1465 993 1536 Quid
1026 1466 1190 1523 enim
1219 1465 1477 1523 ridiculo
1507 1466 1769 1543 propius,
1802 1483 1984 1544 quam
2015 1485 2227 1546 graves

417 1569 757 1627 animorum
788 1574 990 1624 motus
1029 1573 1092 1623 et
1125 1566 1475 1636 certamina,
1507 1564 1677 1623 nullo
1717 1585 1944 1635 eorum,
1977 1567 2081 1643 qui
2126 1566 2229 1624 ad-

419 1673 598 1734 stant,
631 1685 944 1735 consenSU,
976 1665 1146 1723 nullo
1176 1665 1377 1723 mutui
1409 1663 1662 1723 affectus
1692 1666 1957 1724 indicio?
2018 1665 2229 1724 Surdis

418 1785 634 1824 canere
686 1772 750 1823 et
803 1765 1040 1834 saltare,
1098 1764 1374 1841 quamvis
1428 1763 1758 1842 eleganter,
1811 1764 1981 1833 nihil,
2029 1765 2229 1832 cred0,

418 1865 658 1923 attinet.
749 1864 1050 1922 Juvenilis
1100 1864 1346 1940 quidem
1401 1871 1552 1922 aetas
1601 1865 1660 1921 vi
1710 1865 1970 1940 quadam
2018 1864 2227 1933 fertur,

418 1984 615 2041 neque
646 1971 773 2022 tam
805 1963 1062 2042 negligit
1089 1964 1234 2040 quid
1264 1962 1365 2021 alii
1398 1965 1685 2032 sentiant,
1718 1983 1899 2040 quam
1930 1984 2038 2041 pro
2063 1971 2229 2022 certo

419 2065 621 2132 sumit,
671 2063 820 2122 alios
873 2063 966 2122 sui
1018 2063 1245 2122 similes
1298 2063 1445 2121 fore.
1555 2062 1679 2121 Sed
1733 2064 1856 2121 cito
1911 2062 2006 2120 vel
2053 2064 2230 2121 inviti

419 2165 716 2222 docentur
744 2162 897 2220 illud
932 2161 1299 2239 Epicharmi,

636 2310 769 2367 Νᾶφε
790 2308 860 2353 καὶ
881 2306 1067 2366 μέμνασ’
1090 2307 1309 2352 ἀπιστεῖν·
1345 2306 1487 2366 ἄρθρα
1508 2309 1645 2351 ταῦτα
1666 2311 1753 2352 τῶν
1767 2307 1958 2367 φρένων.

420 2448 671 2525 Ineptos
702 2468 766 2506 se
794 2448 1003 2506 haberi
1035 2467 1176 2506 cum
1218 2447 1340 2505 suis
1371 2447 1679 2524 tragoediis
1711 2449 2020 2517 sentiunt3
2067 2450 2226 2524 quod

418 2550 523 2607 ubi
577 2548 765 2607 semel
817 2555 1001 2624 atque
1053 2548 1276 2605 iterum
1330 2548 1552 2614 evenit,
1606 2547 1757 2604 nihil
1811 2554 1936 2606 tam
1993 2548 2229 2607 solicite

418 2655 625 2727 agunt,
668 2667 850 2724 quam
894 2653 966 2704 ut
1012 2666 1100 2715 ea,
1140 2646 1360 2722 quibus
1410 2645 1808 2715 delectantur,
1847 2666 1883 2704 a
1928 2646 2112 2725 vulgo
2166 2654 2229 2705 et

419 2739 599 2806 scena
633 2748 695 2804 in
734 2753 967 2805 secreta
1005 2752 1393 2814 removeant3
1444 2764 1522 2802 ne
1558 2745 1880 2822 aliquando
1917 2765 2092 2804 cursu
2132 2765 2228 2804 ca-

420 2846 615 2904 lentes
647 2846 847 2903 subito
880 2845 1049 2921 quasi
1080 2844 1304 2921 frigore
1334 2843 1469 2920 quis
1501 2844 1692 2902 feriat.

507 2945 611 3002 Ne
651 2943 879 3001 multa:
927 2962 1064 3018 quae
1107 2941 1208 2999 lex
1259 2961 1470 2999 omnes
1519 2948 1707 3009 tenet,
1749 2959 1821 2998 ea
1862 2940 2068 2999 Poetis
2115 2941 2228 2998 im-

418 3043 627 3120 primis
677 3040 1096 3107 eonveniebat,
1136 3038 1226 3097 Ut
1273 3058 1394 3114 quo
1439 3039 1572 3114 quis
1619 3038 1847 3114 aliquid
1895 3038 2226 3114 impensius

419 3150 576 3220 agat,
609 3159 683 3198 eo
713 3139 948 3217 parcius
978 3138 1337 3215 plerumque
1369 3137 1596 3194 laudet.

508 3337 764 3405 Verum,
795 3342 866 3392 ut
903 3335 1046 3393 satis
1084 3334 1226 3392 huic
1270 3333 1403 3391 loco
1435 3333 1560 3401 fiat,
1593 3331 2007 3409 expendamus
2038 3334 2221 3403 brevi,

422 3447 648 3515 quanta
677 3437 805 3510 ejus
834 3434 1045 3491 habita
1075 3434 1152 3492 sit
1183 3433 1336 3490 ratio
1379 3431 1544 3489 omni
1575 3438 1869 3507 tempore,
1901 3438 1963 3488 et
1994 3451 2030 3489 a
2061 3451 2222 3489 sum-

421 3535 537 3592 mis
573 3533 818 3609 quidem
865 3531 1021 3598 viris,
1061 3532 1124 3588 in
1169 3548 1407 3607 quaque
1451 3529 1697 3606 regione
1741 3528 1885 3585 artis
1926 3529 2218 3604 poeticae:

422 3633 702 3708 primum,
741 3631 901 3706 quod
939 3630 1113 3687 inviti
1159 3649 1228 3687 ac
1273 3647 1406 3685 raro
1452 3646 1552 3685 eas
1596 3646 1690 3684 res
1730 3633 1837 3684 aut
1875 3626 2218 3704 depingere,
