2320 4126
194 285 350 319 mum„
371 284 420 317 ν.
599 271 706 317 twm
722 265 1000 334 paucitate,
1026 270 1132 317 tum
1155 264 1342 317 delectu
1364 282 1552 319 rerum,
1866 266 1938 322 67

195 403 430 467 Pollent
468 409 592 467 haec
634 407 881 491 artificio
923 427 1042 465 non
1081 407 1398 465 mediocri:
1445 408 1549 465 sed
1583 427 1710 465 rem
1745 410 1932 484 ipsam

192 505 291 580 qui
322 505 464 562 velit
492 504 727 572 intueri,
756 503 1020 560 Threnos
1049 504 1223 560 adeat
1252 503 1453 561 Judaei
1483 503 1660 564 Vatis
1679 500 1724 561 ἃ.

363 612 570 667 ἐξέλιπον
589 610 634 655 ἐν
653 611 860 667 δάκρυσιν
878 611 919 654 οἶ
939 609 1163 668 ὀφθαλμοί
1180 628 1277 667 μου,

363 683 576 741 ἐτάραχθη
597 682 622 738 ἡ
644 683 795 739 καρδία
813 701 911 739 μου,

362 754 542 813 ἐξεχύθη
565 755 623 800 εἷς
643 754 719 810 τὴν
736 754 817 812 γὴν
837 754 862 810 ἡ
885 754 990 809 δόξα
1009 772 1108 810 μου,

420 827 490 871 ε’πὶ
510 827 559 870 τὸ
581 825 821 884 σύντριμμα
840 828 915 883 τῆς
934 825 1145 884 θυγατρὸς
1163 828 1273 869 λαοῦ
1292 844 1389 883 μου,

362 900 408 943 ἐν
426 902 484 959 τῷ
506 898 715 943 ἐκλείπειν
735 897 885 955 νήπιον
904 899 972 942 καὶ
993 899 1231 954 θηλάζοντα
1249 898 1296 942 ἐν
1314 899 1536 944 πλατείαις
1556 901 1736 945 πόλεως’

417 974 509 1017 ταῖς
527 972 740 1028 μητράσιν
759 972 898 1015 αὐτῶν
918 969 1052 1023 εἶπαν,
1072 974 1158 1014 ποῦ
1179 973 1301 1016 σῖτος
1322 971 1391 1014 καὶ
1412 970 1549 1023 οἶνος;

358 1043 405 1088 ἐν
423 1047 482 1103 τῷ
504 1042 734 1088 ἐκλύεσθαι
749 1043 902 1089 αὐτοὺς
922 1044 979 1089 ὣς
999 1043 1257 1100 τραυματίας
1277 1043 1322 1087 ἐν
1340 1043 1563 1089 πλατείαις
1581 1046 1762 1097 πόλεως,

360 1116 406 1160 ἐν
425 1119 483 1175 τῷ
505 1115 725 1173 ἐκχεῖσθαι
744 1116 896 1174 ψμχὰς
915 1116 1053 1159 αὐτῶν
1072 1116 1132 1160 εἷς
1152 1117 1315 1159 κόλπον
1333 1115 1526 1173 μητέρων
1545 1117 1696 1160 αὐτῶν.

188 1219 341 1276 Sunt
396 1224 458 1275 et
514 1218 616 1275 illa
672 1218 936 1293 ejusdem
994 1216 1109 1274 alio
1166 1219 1229 1274 in
1286 1217 1416 1276 loco
1441 1238 1454 1276 :
1516 1238 1646 1294 quae
1691 1221 1931 1295 quidem

186 1316 420 1392 propius
449 1316 523 1373 ad
551 1334 677 1372 rem
707 1315 998 1372 accedunt
1017 1322 1073 1371 e:

242 1420 267 1477 ἦ
289 1420 448 1480 κραυγὴ
469 1423 544 1478 τῆς
561 1420 846 1478 Ἰερουσαλὴμ
866 1419 1012 1476 ἀνέβη·

299 1493 367 1536 καὶ
387 1494 428 1536 οἱ
447 1495 700 1551 μεγιστᾶνες
719 1492 849 1549 αὐτῆς
868 1492 1130 1537 ἀπέστειλαν
1148 1493 1247 1538 τοὺς
1267 1492 1497 1550 νεωτέρους
1516 1493 1654 1537 αὐτῶν
1674 1492 1745 1551 ἐφ’
1767 1492 1896 1550 ὕδωρ.

298 1565 496 1622 ἤλθοσαν
516 1565 586 1609 ἐπὶ
606 1566 659 1609 τὰ
679 1565 862 1623 φρέατα,
884 1564 952 1608 καὶ
973 1563 1050 1608 οὐκ
1072 1562 1258 1620 εὕροσαν
1276 1563 1406 1621 ὕδωρ,

300 1638 368 1681 καὶ
387 1637 673 1696 ἀπέστρεψαν
691 1638 745 1682 τὰ
765 1638 917 1695 ἀγγεῖα
937 1636 1077 1681 αὐτῶν
1097 1637 1209 1680 κενά.

239 1738 339 1782 Ταῖς
357 1738 570 1795 μητράσιν
588 1736 728 1781 αὐτῶν
747 1734 879 1789 εἶπον,
900 1739 986 1781 ποῦ
1008 1738 1130 1782 σῖτος
1150 1737 1219 1780 καὶ
1239 1734 1378 1789 οἶνος;

186 1838 452 1906 sentitis,
483 1839 703 1914 opinor,
734 1837 847 1896 hoc
882 1857 1002 1895 uno
1032 1857 1221 1904 versu,
1251 1839 1393 1913 quid
1423 1840 1500 1896 sit
1530 1840 1686 1896 fame
1725 1858 1793 1896 ac
1833 1839 1931 1896 siti

182 1934 388 2011 perire,
435 1934 647 1991 clarius
688 1953 865 2009 quam
916 1934 1256 2010 longissimo
1292 1935 1550 1991 carmine
1596 1941 1700 1992 aut
1732 1934 1934 1992 Ovidii

182 2037 286 2088 aut
327 2030 573 2088 Lucani.
661 2029 820 2098 Quid
857 2030 1056 2087 enim?
1097 2031 1433 2088 scribebant
1472 2030 1559 2087 illi
1600 2050 1734 2106 quae
1773 2031 1933 2107 lege-

182 2134 350 2195 rant3
411 2127 451 2184 J
454 2127 701 2184 eremias
758 2127 1009 2184 canebat
1066 2147 1194 2202 (11136
1252 2127 1437 2184 0611118
1496 2128 1736 2185 videbat
1795 2128 1930 2196 suiS,

181 2242 425 2299 quaeque
455 2229 584 2280 toto
614 2223 789 2280 corde
818 2222 1062 2299 lugebat
1092 2242 1159 2280 ac
1191 2223 1633 2299 deprecabatur.

265 2401 575 2459 Interdum
625 2408 828 2460 tamen
878 2402 939 2458 hi
991 2422 1226 2478 quoque
1284 2404 1411 2478 ipsi,
1465 2405 1565 2479 qui
1617 2425 1693 2462 ex
1745 2405 1924 2462 animi

180 2499 407 2574 impetu
443 2497 642 2555 Poetae
682 2499 852 2568 fiunt,
887 2499 1052 2574 justa
1091 2500 1254 2574 quasi
1295 2499 1499 2556 tabula
1546 2520 1639 2558 res
1682 2503 1744 2557 in
1788 2521 1926 2558 con-

180 2600 385 2669 spectu
413 2600 659 2668 ponunt.
748 2593 866 2651 Sed
898 2614 1087 2670 operae
1115 2596 1374 2670 pretium
1405 2596 1518 2653 erit
1551 2599 1920 2673 cognoscere,

178 2708 294 2765 quo
306 2690 550 2764 judicio,
575 2709 691 2765 qua
719 2691 1065 2759 subtilitate,
1087 2711 1202 2766 quo
1228 2691 1417 2767 (paene
1441 2693 1659 2766 dicam)
1687 2693 1922 2750 fastidio

177 2792 372 2861 agant.
459 2785 634 2853 Quod
664 2787 903 2861 quidem
932 2787 1184 2844 alterum
1215 2788 1385 2846 nobis
1413 2789 1591 2847 modo
1619 2790 1922 2865 posuimus

179 2879 598 2938 Primariorum
631 2883 931 2940 indicium.

262 2976 431 3035 Sicut
474 2979 651 3045 enim,
682 2998 819 3035 611111
857 2999 1119 3039 1111110168
1159 2988 1448 3051 seruntur,
1480 2982 1692 3059 vulgus
1730 2983 1922 3040 homi-

177 3092 336 3141 num,
373 3074 537 3131 nulla
577 3074 878 3152 religione,
913 3078 1219 3135 teterrima
1248 3098 1494 3154 quaeque
1532 3078 1922 3136 libentissime

178 3171 427 3245 repetit;
478 3171 578 3245 qui
624 3179 826 3229 autem
870 3192 1008 3230 vere
1054 3181 1368 3251 anguntur,
1415 3175 1653 3232 delectu
1697 3175 1919 3241 habito,

177 3265 443 3323 molliora
477 3275 786 3341 quaerunt:
830 3270 930 3336 ita,
969 3278 1279 3346 perspecto
1315 3271 1456 3345 quid
1493 3271 1740 3346 quisque
1771 3271 1921 3328 Poe-

178 3366 371 3418 tarum
420 3364 707 3420 narrando
757 3371 862 3422 aut
907 3367 1280 3443 depingendo
1324 3366 1563 3444 deligat,
1602 3387 1722 3425 non
1764 3367 1919 3426 male

177 3455 246 3512 fit
274 3457 609 3533 conjectura
638 3459 712 3516 de
741 3462 937 3519 animo
967 3463 1250 3537 cujusque
1280 3468 1343 3519 et
1372 3462 1684 3520 sententia.

584 3599 601 3625 ‘¹
633 3600 696 3645 ΙΙ.
715 3615 782 3645 11.
1179 3610 1195 3630 ⁶
1225 3604 1389 3648 Jerem.
1411 3605 1500 3650 xiv.
1521 3619 1565 3663 3.

1006 3669 1110 3722 112
