2320 4126
163 278 316 310 PRAEL.
336 277 405 308 1x.
493 257 718 307 Naturoe
744 256 1024 316 Arcanum,
1053 253 1116 303 de
1133 251 1300 312 ,brutis
1325 253 1646 304 animalibus.
1801 254 1906 304 145

244 399 438 475 Digna
489 417 628 454 sane
672 398 769 472 pio
818 403 952 453 vate
1004 402 1065 451 et
1119 396 1548 470 sapientissimo
1603 396 1725 450 viro
1777 414 1908 452 sen-

159 495 361 562 tentia,
407 493 544 549 Jovi
592 508 749 548 ourae
797 510 922 548 esse
970 511 1088 547 non
1137 491 1404 546 homines
1452 490 1646 557 mod0‚
1694 491 1795 546 secl
1845 499 1906 546 et

157 591 491 646 universum
527 589 914 644 animantium
954 605 1215 663 gregem.
1304 585 1466 653 Quas
1506 591 1707 641 autem
1750 587 1907 661 cogi-

158 685 410 742 tationes
456 683 704 740 Summo
749 684 1024 740 attribuit
1070 682 1340 746 Nummi,
1386 681 1583 737 neseio
1628 681 1907 753 equidem

157 800 231 837 an
280 779 426 836 nihil
476 781 545 836 iis
586 781 822 855 gravius
873 781 933 835 in
986 785 1185 835 vetere
1236 777 1607 853 philosophia
1655 776 1908 833 dixerim

159 877 435 933 inveniri:

435 966 493 1011 'A
516 966 660 1020 δειλὼ,
683 969 725 1012 τί
747 970 871 1026 σφῶἲ
891 968 1020 1024 δόμεν
1042 969 1188 1023 Πηλῆϊ
1207 967 1355 1010 ι’ίνακτι

445 1041 599 1100 θνητῷ,
620 1042 739 1098 ὑμεῖς
759 1040 795 1084 δ’
819 1041 950 1085 ε’στὸν
970 1038 1115 1096 ἀγήρω
1137 1038 1189 1090 τ’,
1211 1039 1406 1082 ἀθανάτω
1428 1057 1475 1082 τε
1487 1057 1500 1090 ;

443 1111 468 1167 ἦ
489 1111 557 1156 ἵνα
578 1111 831 1168 δυστήνοισι
851 1111 941 1168 μετ’
963 1111 1172 1166 ἀνδράσιν
1193 1109 1312 1167 ἄλγε’
1335 1111 1516 1166 ἕχητον;

443 1185 492 1228 οὐ
512 1185 591 1240 μὲν
610 1186 694 1243 γάρ
716 1185 758 1228 τί
776 1202 861 1228 που
883 1183 1003 1227 ἐστὶν
1019 1183 1296 1239 οἷζυρώτερον
1316 1183 1472 1239 ἀνδρὸς

442 1256 623 1307 πάντων,
646 1255 765 1300 ὅσσα
786 1274 833 1299 τε
853 1257 980 1313 γαῖαν
1001 1254 1071 1298 ἐπὶ
1091 1254 1225 1298 πνείει
1247 1273 1293 1297 τε
1315 1255 1384 1297 καὶ
1407 1253 1524 1311 ἕρπει
1539 1261 1582 1295 ¹¹¹.

235 1358 457 1434 Tetigit
502 1360 709 1433 utique
752 1378 878 1415 rem
926 1359 1191 1415 omnium
1239 1358 1727 1422 obscurissimam,
1773 1376 1908 1430 quae

158 1455 323 1511 nobis
357 1455 565 1522 adhuc,
598 1455 672 1514 de
708 1454 849 1512 eaelo
881 1455 1089 1522 doetiS‚
1119 1455 1315 1511 arcani
1347 1454 1466 1509 vim
1507 1473 1578 1510 ac
1618 1454 1909 1509 rationem

157 1558 352 1608 tenet:
420 1550 691 1618 Quanam
736 1551 1014 1608 videlieet
1061 1551 1194 1627 lege
1242 1550 1362 1617 fiat,
1415 1556 1484 1606 ut
1535 1550 1910 1606 immerentia

156 1666 386 1721 quoque
414 1647 590 1704 bruta
618 1648 961 1704 miserorum
1005 1646 1349 1703 mortalium
1378 1645 1550 1703 malis
1590 1647 1908 1722 saepissime

157 1744 494 1800 obruantur.

239 1838 376 1914 Ipsa
419 1840 567 1896 adeo
611 1839 924 1896 difficultas
970 1839 1130 1904 facit,
1176 1846 1244 1896 ut
1288 1859 1407 1896 non
1451 1841 1513 1896 in
1556 1839 1672 1896 illis
1715 1839 1909 1896 solum

157 1954 282 2010 quae
327 1936 504 1993 modo
555 1937 974 2001 recensuimus,
1025 1955 1230 1991 verum
1282 1936 1464 1992 etiam
1517 1955 1622 2011 per
1669 1952 1908 1992 omnem

155 2032 311 2089 hunc
356 2051 630 2108 campum
680 2032 1019 2099 Poetarum,
1061 2032 1163 2106 qui
1203 2032 1277 2088 de
1322 2031 1513 2088 brutis
1557 2031 1908 2088 animalibus

155 2135 260 2196 est,
289 2131 575 2204 possimus
619 2129 948 2186 etiamnum
991 2128 1167 2203 plane
1211 2129 1442 2202 assequi
1482 2135 1750 2184 mentem
1786 2128 1909 2183 ani-

157 2241 435 2300 mumque
474 2225 825 2300 scriptorum
858 2231 1161 2281 veterum:
1207 2224 1366 2298 quod
1403 2230 1609 2281 eontra
1650 2223 1908 2299 plerum-

157 2339 270 2394 que
303 2321 387 2388 fit,
425 2321 500 2377 ob
537 2338 699 2377 sacra
743 2326 991 2386 mutata,
1026 2320 1088 2375 in
1129 2320 1200 2376 iis
1238 2319 1415 2376 rebus
1444 2338 1574 2394 quae
1616 2319 1692 2375 ad
1722 2320 1906 2376 vitam

154 2414 460 2473 hominum
516 2434 828 2489 moresque
886 2416 1205 2490 pertinent.
1322 2416 1394 2473 Id
1454 2415 1611 2491 quod
1674 2415 1906 2491 planius

157 2512 514 2588 disputatum
554 2512 623 2568 iri
669 2530 854 2587 spem,
886 2531 1023 2568 cum
1063 2530 1134 2568 ea
1171 2532 1300 2587 quae
1337 2519 1564 2570 restant
1604 2512 1677 2569 de
1716 2512 1906 2569 Iliade

155 2610 457 2666 tractanda
486 2609 762 2665 venient:
808 2627 1060 2682 quorum
1105 2627 1175 2664 ea
1218 2609 1305 2664 vis
1349 2626 1475 2664 esse
1520 2607 1779 2672 debebit,
1817 2614 1904 2674 ut,

154 2704 342 2780 qualis
371 2705 548 2760 fuerit
578 2703 829 2760 Homeri
859 2721 1026 2759 mens
1057 2709 1119 2758 et
1147 2702 1394 2770 indoleS,
1425 2722 1540 2759 non
1562 2703 1690 2777 jam
1728 2721 1805 2758 ex
1836 2703 1905 2758 iis

156 2818 282 2873 quae
323 2800 661 2864 narraverit,
707 2799 810 2854 sed
856 2818 932 2854 ex
976 2798 1333 2873 imaginibus
1383 2799 1646 2872 undique
1684 2798 1904 2872 petitis,

83 2939 89 2943 .
156 2893 431 2966 omnique
483 2898 721 2948 ornatus
767 2892 984 2966 poetici
1032 2891 1286 2960 deleotn,
1336 2898 1467 2948 tum
1513 2912 1727 2958 rerum,
1773 2899 1905 2949 tum

5 3035 7 3037 -
33 3040 69 3048 ..
159 2987 483 3053 verborum,
505 2988 826 3061 judicetur.

847 3136 875 3153 ¹¹¹
910 3129 963 3172 Il.
986 3130 1088 3172 xvii.
1112 3143 1212 3186 443.
