2320 4126
498 1303 1160 1374 PRAELECTIO
1229 1304 1602 1389 SEXTA.

154 1725 393 1770 For-mulam
431 1732 638 1779 nostram,
681 1727 733 1771 de
774 1741 937 1771 summa
973 1727 1170 1780 Poeseos,
1211 1741 1297 1770 non
1336 1726 1465 1771 nimis
1505 1733 1730 1784 anyustam
1757 1727 1866 1783 fore
1883 1746 1897 1771 .-

201 1798 446 1854 praesertim
472 1814 565 1842 cum
592 1813 642 1843 ea
669 1799 1080 1856 comprehendantur
1104 1805 1191 1843 tam
1216 1800 1398 1843 leniores
1423 1800 1604 1856 affectus
1626 1814 1752 1857 quam
1777 1800 1899 1843 vehe-

158 1896 161 1897 ν
209 1871 448 1914 mentiores.
516 1873 728 1915 Primarii
762 1877 863 1915 sunt
889 1873 1058 1929 partim
1094 1872 1242 1929 quieti,
1270 1872 1440 1929 partim
1475 1871 1657 1915 actuosi.
1730 1871 1898 1914 Horum

207 1941 514 1986 nobilissimum
549 1944 793 2000 eoeemplum,
816 1944 1042 1994 Homerus,
1065 1943 1245 1986 Hernici
1271 1943 1419 1986 soeculi
1448 1942 1660 1986 desiderio
1678 1942 1897 1999 flayrans.

208 2012 386 2057 Iliadem
406 2020 448 2058 et
466 2029 595 2058 unam
615 2030 718 2067 esse,
743 2021 784 2058 et
804 2015 857 2058 ab
877 2030 961 2058 uno
974 2016 1222 2072 profectam
1243 2021 1432 2058 auctore.

156 2205 782 2353 INGREDIENTI
832 2212 979 2268 mihi
1025 2212 1282 2288 primum
1333 2212 1486 2270 hanc
1531 2213 1605 2270 de
1654 2211 1899 2270 Poetica

279 2307 615 2383 disputandi
655 2309 828 2374 viam,
859 2307 1007 2364 nihil
1048 2306 1354 2364 molestius
1395 2324 1700 2362 occurrere
1737 2307 1899 2363 vide-

148 2400 336 2471 batur,
367 2402 734 2472 Academici,
764 2423 942 2479 quam
977 2404 1153 2479 quod,
1192 2402 1458 2459 omnium
1487 2402 1734 2478 judicie,
1765 2421 1909 2477 quae

149 2500 264 2556 sint
293 2501 419 2575 ejus
447 2500 887 2575 perfectissimae
915 2507 1129 2575 parteS,
1170 2499 1510 2575 (Tragicum
1541 2499 1673 2555 dico
1708 2516 1898 2574 genus

149 2601 210 2651 et
239 2596 535 2671 Epicum,)
565 2596 681 2652 illae
720 2602 910 2652 artem
946 2596 1208 2653 maxime
1247 2594 1588 2662 redoleant3
1633 2613 1744 2651 nec
1783 2594 1896 2651 nisi

147 2691 484 2769 longissimo
515 2700 803 2768 tempore,
834 2711 1067 2749 summo
1107 2691 1307 2748 labore
1343 2710 1412 2748 ac
1452 2691 1670 2760 studiO,
1702 2697 1896 2748 matu-

147 2796 394 2846 rescant.
439 2789 646 2857 “Quid
664 2789 909 2865 igitur?’'
946 2789 1103 2845 dicat
1123 2787 1628 2862 aliquisz—“quid
1651 2788 1895 2845 tandem

147 2884 232 2952 iis,
281 2886 380 2960 qui
424 2885 690 2960 impense
733 2885 1111 2950 meditantur,
1153 2903 1289 2941 cum
1329 2884 1511 2940 animi
1549 2885 1895 2959 impotentis

148 2981 329 3038 aestu?
418 2981 612 3048 Quem
652 3000 913 3056 unquam
950 2981 1358 3037 vehementior
1390 2980 1592 3056 adegit
1627 2979 1892 3049 affectus,

146 3083 214 3132 ut
243 3077 485 3134 dimidia
513 3078 635 3134 vita
674 3077 785 3134 sibi
814 3083 1051 3152 putaret
1081 3076 1484 3144 laborandum,
1516 3096 1632 3151 quo
1661 3076 1894 3151 planius

147 3179 208 3229 et
263 3173 472 3230 melius
531 3193 657 3230 rem
717 3180 996 3242 narraret,
1054 3193 1173 3230 non
1229 3173 1408 3229 modo
1477 3173 1587 3230 sibi
1656 3173 1892 3247 suisque

143 3267 412 3347 alienam,
464 3288 667 3327 verum
720 3271 924 3341 etiam,
977 3271 1025 3326 si
1076 3269 1195 3326 fors
1251 3270 1337 3326 ita
1386 3268 1608 3336 tulerit,
1654 3268 1889 3343 qualem

144 3363 268 3440 ipse
297 3365 459 3443 nullo
488 3385 748 3442 unquam
779 3373 1047 3441 tempore
1087 3383 1163 3422 ne
1202 3365 1327 3422 fieri
1357 3364 1597 3439 quidem
1625 3365 1889 3440 potuisse

147 3461 455 3518 crediderit
471 3461 527 3519 ?”

256 3555 560 3625 Praeterea,
618 3558 717 3633 qui
774 3565 969 3634 partes
1032 3558 1142 3615 sibi
1201 3563 1578 3633 sumpserunt
1636 3555 1886 3639 docendi
