2320 4126
210 263 364 296 PRAEL.
387 262 477 294 xv·
512 242 668 294 Ratio
692 257 875 302 eorum,
898 255 1015 309 quae
1038 237 1249 309 subfine
1274 238 1526 306 Odysseia?
1549 247 1784 308 ayuntur.
1847 240 1949 290 251

211 402 344 461 quae
373 384 606 442 coelitus
640 382 920 440 mandata
957 383 1213 457 perferat
1253 380 1413 438 laesae
1446 380 1711 437 Deorum
1747 380 1957 455 majes-

210 482 348 538 tatis
388 480 623 536 vindex.
713 478 926 552 Itaque
969 493 1087 534 non
1131 476 1397 533 Homero
1442 477 1543 532 sed
1589 475 1808 532 saeculo
1852 476 1956 531 tri-

209 574 457 634 buamus
502 582 736 651 oportet
780 575 1072 631 cruciatus
1116 573 1290 629 nimis
1333 572 1654 628 horrendos
1691 578 1753 627 et
1798 590 1958 628 acer-

208 672 346 728 bos:
405 671 656 727 Poetam
699 670 893 743 ipsum
937 668 1235 725 liberrime
1279 667 1651 731 admiremur,
1697 667 1855 741 quod
1906 666 1955 723 is

207 787 331 824 rem
374 774 635 824 atrocem
684 771 886 821 sancte
940 764 1374 839 temperaverit,
1420 771 1700 838 tanquam
1759 782 1955 819 coram

209 862 339 919 Deo
367 868 535 937 gesta
563 861 680 917 sint
711 861 922 916 omnia.

293 957 401 1012 Est
441 953 621 1012 etiam
663 954 773 1012 sub
815 955 940 1030 ipso
986 955 1103 1010 fine
1148 953 1469 1030 Odysseiae‚
1515 954 1672 1029 quod
1712 955 1957 1013 fortasse

205 1052 381 1109 alicui
411 1051 713 1107 fastidium
757 1050 980 1117 afferat,
1012 1052 1169 1124 quod
1207 1044 1470 1108 historiae
1500 1050 1601 1107 filo
1631 1052 1692 1106 in
1722 1050 1957 1128 longius

208 1149 462 1204 deducto
493 1165 669 1221 quam
714 1165 804 1203 res
849 1147 975 1221 ipsa
1010 1146 1182 1203 facile
1218 1147 1370 1203 ferre
1405 1147 1692 1214 videatur,
1729 1147 1957 1204 laborat

205 1243 517 1318 aliquando
575 1262 642 1299 ac
702 1243 969 1300 tardatur
1024 1242 1256 1299 fabula:
1332 1243 1624 1317 copiosius
1677 1243 1956 1300 videlicet

205 1345 550 1396 enarrantur
577 1338 871 1395 tumultus
912 1338 1331 1405 Ithacensium,
1365 1337 1594 1395 Laertis
1625 1339 1811 1395 vetuli
1842 1339 1957 1395 for-

206 1437 418 1503 titudo,
449 1455 564 1510 pax
595 1435 904 1492 conciliata
934 1434 1225 1491 Minervae
1254 1435 1514 1492 arbitriO.

291 1532 703 1590 Veruntamen
735 1533 834 1606 qui
875 1532 966 1589 his
1003 1532 1336 1599 offenditur,
1366 1532 1415 1588 is
1452 1550 1693 1588 necesse
1727 1539 1817 1588 est
1856 1552 1958 1608 pa-

207 1646 335 1684 rum
369 1629 564 1684 videat
594 1629 655 1683 in
688 1628 995 1686 Homerici
1026 1627 1253 1685 consilii
1284 1646 1531 1684 summa.
1623 1627 1767 1684 Non
1797 1629 1956 1684 enim

208 1724 495 1799 conjurati
532 1730 767 1780 tantum
811 1731 977 1780 erant
1020 1724 1340 1799 plectendi,
1370 1724 1473 1780 sed
1518 1730 1580 1779 et
1623 1723 1812 1798 plebis
1854 1724 1958 1781 ha·-

207 1820 400 1876 benda
441 1821 608 1886 rati0,
660 1839 796 1876 cum
843 1821 1033 1895 procis
1080 1820 1419 1895 dignissime
1465 1820 1775 1877 trucidatis
1831 1818 1956 1895 (qui

205 1935 334 1972 mos
379 1923 468 1972 est
511 1915 712 1992 vulgo)
759 1917 976 1973 sentire
1019 1916 1466 1990 incipientium:
1529 1917 1631 1972 sed
1672 1922 1734 1973 et
1778 1918 1957 1973 docu-

207 2018 477 2068 mentum
523 2013 583 2068 in
636 2019 899 2087 posteros
947 2012 1263 2077 edendum,
1311 2012 1519 2085 nequis
1571 2032 1647 2069 ex
1693 2013 1957 2087 partibus

207 2107 533 2163 istiusmodi
563 2107 872 2164 hominum
911 2108 1034 2164 ulla
1070 2109 1129 2163 in
1171 2108 1474 2182 republica
1507 2115 1662 2164 stare
1692 2108 1956 2166 auderet.

206 2202 343 2259 Jam
392 2204 862 2270 animadvertite,
906 2223 1023 2278 quo
1071 2204 1316 2260 consilio
1362 2204 1584 2260 nodum
1628 2205 1808 2260 istum
1855 2223 1957 2260 ex-

207 2297 512 2371 plicaverit
543 2298 747 2355 Poeta.
807 2299 1060 2355 Recedit
1090 2299 1385 2374 paulisper
1414 2300 1488 2355 ab
1517 2300 1664 2355 urbe
1695 2299 1955 2374 UlysseS‚

206 2399 337 2448 tum
383 2399 451 2448 ut
494 2393 756 2466 requiem
802 2395 1175 2469 spatiumque
1220 2396 1505 2451 concedat
1553 2394 1957 2451 Ithacensium

207 2488 408 2555 furori,
455 2490 718 2563 cognatis
774 2489 1113 2564 peremptiS,
1162 2496 1292 2545 tum
1343 2496 1413 2545 ut
1462 2496 1693 2565 patrem
1742 2490 1958 2545 revisat

207 2590 389 2640 aetate
427 2602 495 2639 ac
535 2585 688 2658 curis
717 2584 1015 2641 affectum.
1108 2585 1236 2641 Illis
1265 2585 1340 2641 ad
1369 2585 1659 2642 ultionem
1695 2604 1821 2642 sese
1863 2604 1959 2641 ac·-

209 2678 579 2754 cingentibus
628 2681 882 2735 occurrit
926 2680 1116 2754 primo
1175 2680 1414 2747 Medon,
1464 2681 1635 2738 testis
1692 2681 1955 2747 idoneUS,

208 2791 326 2829 non
358 2773 482 2829 sine
510 2774 750 2829 numine
780 2793 915 2830 cum
939 2774 1009 2830 iis
1038 2780 1239 2830 actum
1269 2774 1468 2831 fuisse.

444 2919 619 2964 κέκλυτε
640 2920 691 2976 δὴ
713 2924 786 2965 νῦν
805 2939 884 2977 μευ
903 2920 1152 2977 Ἰθακήσιοι·
1187 2922 1237 2965 οὐ
1256 2923 1341 2979 γὰρ
1361 2920 1605 2968 Ὀδυσσεὺς

442 2991 661 3036 ἀθανάτων
681 2992 823 3048 ἀέκητι
845 2993 953 3037 θεῶν
972 2994 1073 3037 τάδε
1093 2992 1264 3050 μήσατο
1282 2991 1405 3051 ἔργα·

440 3064 570 3108 αὐτὸς
589 3063 698 3121 ἐγὼν
718 3061 831 3108 εἶδον
851 3064 949 3108 θεὸν
967 3065 1200 3123 ἄμβροτον,
1223 3064 1271 3111 ὅς
1289 3064 1328 3123 ῥ’
1347 3065 1530 3121 Ὀδυσῆι

442 3133 621 3191 ἐγγύθεν
641 3134 825 3190 ἑστήκει,
848 3136 916 3178 καὶ
938 3135 1125 3193 Μέντορι
1144 3137 1283 3180 πάντα
1304 3135 1438 3194 ἐῴκει.

441 3204 649 3250 ἀθάνατος
669 3206 715 3248 δὲ
737 3206 834 3251 θεὸς
853 3208 951 3249 τότε
970 3206 1048 3263 μὲν
1062 3206 1316 3264 προπάροιθ’
1336 3206 1551 3263 Ὀδυσῆος

443 3268 623 3331 φαίνετο
645 3276 882 3334 θαρσύνων,
905 3279 1001 3322 τότε
1022 3279 1070 3321 δὲ
1089 3281 1334 3335 μνηστῆρας
1354 3278 1507 3335 ὀρίνων

445 3346 544 3390 θῦνε
564 3348 669 3391 κατὰ
687 3347 890 3406 μέγαρον·
923 3349 990 3392 τοὶ
1010 3349 1047 3392 δ’
1064 3349 1314 3407 ’ἀγχιστῖνοι
1332 3347 1528 3393 ἔπιπτον.

881 3548 891 3572 ³
924 3547 1012 3591 Od.
1035 3548 1153 3592 xxiv.
1176 3563 1277 3605 443.
