2320 4126
322 210 434 263 300
687 211 976 283 AEsclzylea
1000 214 1267 267 nauticum
1288 213 1505 286 aliquid
1526 215 1749 286 spirare.
1790 234 1953 271 PRAEL.
1977 235 2124 273 xvu.

872 355 1071 415 ἐσορᾶν
1097 355 1317 401 πόντιον
1343 356 1482 402 ἅλσο
1493 375 1528 410 ς,

868 429 1049 475 πίσυνοι
1069 433 1179 474 λεπ-

870 502 1075 561 τοδόμοις
1094 503 1316 561 πείσμασι
1336 505 1418 548 λα·

869 576 1050 635 οπόροις
1071 596 1119 622 τε
1139 579 1371 636 μαχαναῖς.

329 711 598 769 Necesse
657 717 750 768 est
809 711 937 787 ipse
999 710 1392 788 navigaverit,
1454 711 1556 787 qui
1633 730 1772 770 cum
1833 711 2129 792 AEschylo

324 829 564 886 prorsus
608 808 724 867 hoc
769 808 904 867 loco
949 810 1172 867 sentire
1203 809 1368 867 velit.
1460 809 1632 869 Alias
1663 812 1766 868 vix
1808 819 1872 869 et
1917 831 1995 870 ne
2028 811 2130 869 vix

325 909 572 985 quidem
624 908 842 986 capiet,
896 909 1042 985 quid
1094 908 1343 967 tandem
1397 906 1670 967 doctrina
1722 929 1873 986 opus
1918 911 2013 980 sit,
2058 917 2131 968 ut

325 1008 514 1084 possit
573 1007 789 1085 aliquis
848 1007 1149 1085 profunda
1198 1009 1381 1066 maris
1435 1006 1868 1085 contemplari:
1933 1029 2131 1086 neque

324 1112 491 1166 recte
527 1106 640 1164 sibi
680 1107 872 1184 finget
915 1105 1150 1166 πόντιον
1194 1106 1347 1165 illud
1392 1103 1590 1175 ἄλσος,
1628 1106 1857 1167 corallii
1899 1108 2133 1167 scilicet

325 1224 396 1262 ac
429 1203 719 1265 salsarum
751 1205 1060 1263 fruticum.

442 1302 564 1361 Sed
623 1323 780 1362 unus
840 1304 1114 1363 omnium
1174 1303 1522 1363 dominatur
1578 1304 1642 1362 in
1700 1303 1816 1363 hac
1875 1306 2134 1364 materia

325 1402 526 1461 nuntii
573 1421 771 1460 sermo
817 1402 894 1460 de
938 1422 1142 1481 pugna
1189 1402 1553 1463 Salaminia:
1608 1403 1712 1479 qui
1758 1423 1901 1462 cum
1947 1404 2027 1462 sit
2071 1405 2135 1462 in

327 1522 431 1559 ore
468 1502 760 1571 omnium,
792 1502 936 1560 satis
980 1502 1096 1559 erit
1141 1503 1189 1559 si
1236 1522 1315 1560 ex
1361 1521 1434 1559 eo
1476 1521 1670 1579 pauca
1699 1503 1980 1579 quaedam
2018 1504 2135 1562 hoc

326 1606 603 1678 tempore
656 1601 942 1669 adferam,
995 1601 1215 1677 quibus
1263 1600 1577 1658 nauticum
1632 1599 1728 1673 (ut
1774 1601 1863 1658 ita
1911 1601 2134 1679 dicam)

328 1701 514 1777 spirat
545 1699 770 1758 eximie
801 1699 1124 1758 bellicosus
1150 1707 1339 1757 vates,
1408 1699 1556 1759 Tale
1586 1698 1815 1778 aliquid
1847 1700 2136 1768 inveniaS‚

326 1798 433 1857 ubi
473 1806 660 1857 noctu
701 1818 766 1857 se
811 1805 1024 1877 parant
1066 1798 1283 1868 Persae,
1315 1797 1490 1858 littus
1522 1798 1824 1868 Atticum,
1857 1798 2139 1859 classem-

330 1918 450 1977 que
483 1897 872 1957 Hellenicam
906 1898 1260 1956 obsessuriy.

692 2050 735 2095 οἶ
757 2048 794 2095 δ’
818 2050 896 2095 οὐκ
917 2048 1137 2108 ἀκόσμως,
1159 2047 1279 2094 ἀλλὰ
1298 2047 1526 2109 πειθάρχῳ
1547 2049 1681 2108 φρενὶ

694 2123 870 2170 δεῖπνόν
891 2123 928 2170 τ’
953 2123 1270 2184 ἐπορσύνοντο,
1294 2124 1511 2180 ναυβάτης
1532 2122 1569 2168 τ’
1590 2123 1699 2182 ἀνὴρ

697 2199 939 2259 ἐτροποῦτο
962 2201 1109 2256 κώπην
1131 2198 1334 2256 σκαλμὸν
1353 2195 1466 2258 ἀμφ’
1490 2195 1742 2255 εὐήρετμον.

330 2334 492 2393 Talis
537 2340 602 2393 et
646 2352 966 2411 corporum
1010 2333 1228 2392 misere
1273 2331 1637 2400 collisorum,
1670 2352 1810 2391 cum
1852 2331 2140 2391 fluctibus

332 2441 395 2491 et
427 2433 688 2511 scopulis
720 2433 973 2491 obscure
1004 2431 1489 2490 conflictantium
1510 2431 1793 2490 mentioz.

697 2587 738 2630 οἱ
761 2584 798 2631 δ’
820 2585 938 2645 ἀμφὶ
960 2587 1097 2643 νῆσον
1116 2583 1196 2642 τὴν
1215 2581 1596 2642 πελειοθρέμμονα

698 2659 923 2718 νικωμένοι
943 2658 1177 2718 ’κύρισσον
1199 2659 1390 2719 ἰσχυρὰν
1410 2657 1568 2717 χθόνα.
1587 2693 1597 2704 .
1619 2692 1629 2703 .
1648 2693 1659 2704 .

699 2735 741 2779 οἱ
763 2735 820 2787 δ’,
844 2736 962 2780 ὥστε
984 2732 1164 2780 θύννους
1184 2735 1214 2792 ἤ
1232 2732 1311 2778 τιν’
1337 2731 1502 2792 ἰχθύων
1521 2731 1680 2787 βόλον,

699 2810 857 2869 ἀγαῖσι
879 2813 1050 2861 κωπῶν,
1074 2805 1359 2867 θραύσμασίν
1379 2812 1418 2853 τ’
1443 2807 1646 2869 ἐρειπίων

696 2881 867 2937 ἔπαιον,
890 2882 1136 2943 ε’ῤῥάχιζον·
1171 2881 1337 2942 οἰμωγὴ
1362 2882 1400 2926 δ’
1426 2884 1537 2941 ὁμοῦ

700 2956 951 3015 κωκύμασιν
974 2959 1148 3016 κατεῖχε
1167 2956 1385 3016 πελαγίαν
1406 2956 1511 3001 ἅλα.
1530 2990 1540 3001 .
1561 2989 1571 3001 .
1590 2989 1601 3001 .

823 3030 1036 3076 ὀτοτότοι·
1071 3030 1221 3090 φίλων
1241 3030 1425 3075 ἁλίδονα

824 3106 1009 3162 σώματα
1028 3105 1275 3163 πολυβαφῆ

824 3177 1092 3223 κατθάνοντα
1108 3176 1256 3237 λέγεις
1276 3174 1498 3236 φερέσθαι

824 3254 1067 3311 πλαγκτοῖς
1088 3251 1134 3297 ἐν
1156 3251 1469 3296 διπλάκεσσιν.
1488 3283 1498 3295 .
1520 3283 1530 3295 .
1549 3283 1559 3295 .

823 3324 1115 3386 γναπτόμενοι
1138 3326 1174 3370 δ’
1196 3324 1273 3369 ἁλὶ
1296 3324 1431 3382 δείνᾳ,
1454 3324 1559 3383 φεῦ,

825 3399 1096 3446 σκύλλονται
1116 3401 1228 3460 πρὸς
1246 3398 1457 3451 ἀναύδων,
1479 3396 1543 3455 ἠὲ,

826 3476 994 3522 παίδων
1011 3478 1090 3523 τᾶς
1108 3476 1331 3535 ἀμιάντου,
1351 3474 1422 3521 ὀά.

463 3656 484 3679 Ζ
516 3649 642 3693 Pers.
667 3649 771 3707 380.
1328 3655 1343 3673 ²
1374 3648 1505 3692 Vers.
1531 3661 1635 3706 314.
1659 3660 1763 3705 430.
1788 3655 1892 3704 279.
1916 3644 2020 3700 582.
