2320 4126
365 221 765 273 202Prooorum
777 220 991 274 &mitium
987 222 1255 292 pertinere
1266 222 1342 275 ad
1345 240 1595 275 summam
1601 223 1877 292 Odysseioe:
1890 243 2088 278 PRAEL.X
2095 245 2150 280 11⁴.

363 369 747 446 ἠπειρωτικῶν.
844 367 1006 437 Quid
1055 368 1132 425 sit
1179 374 1416 444 pontus,
1464 368 1779 439 nesciunt;
1849 389 1926 427 ne
1973 371 2155 447 dapes

365 467 609 542 quidem
648 465 770 524 sale
815 467 1144 535 condiunt3
1190 485 1388 542 neque
1433 465 1585 524 adeo
1615 467 1869 525 formam
1914 470 2153 547 navigii,

363 583 562 640 neque
607 584 910 622 remorum
964 584 1141 622 usum
1201 565 1574 622 didicerunt:
1644 565 1789 640 quin
1849 572 1912 623 et
1965 567 2154 625 visam

364 662 520 720 forte
551 664 701 720 remi
725 662 1050 739 palmulam
1077 663 1393 719 nominant
1422 663 1604 719 vanni
1633 664 1877 723 rusticae
1900 671 2153 740 partem.

451 760 606 829 Quae
660 761 861 818 omnia
906 779 1046 817 cum
1090 759 1177 818 ita
1219 761 1550 818 narraverit
1596 760 1804 830 Poeta,
1849 769 1920 819 ut
1975 764 2155 821 scires

364 879 505 917 eum
566 878 704 917 cum
764 858 965 916 nautis
1025 859 1266 927 sentire,
1326 859 1689 917 mirantibus
1747 879 1876 918 esse
1934 860 2155 919 alicubi

363 963 659 1015 terrarum
695 957 971 1014 homines
1009 958 1095 1014 rei
1131 958 1394 1016 nauticae
1432 958 1584 1015 adeo
1623 965 1941 1035 expertes3
1987 959 2156 1016 addit

364 1063 426 1115 et
458 1056 608 1114 illud
641 1055 927 1115 clausulae
959 1055 1112 1125 locO,
1144 1057 1303 1132 quod
1338 1063 1538 1114 nautae
1578 1056 1798 1114 solatio
1836 1058 1932 1125 sit,
1965 1055 2157 1115 Ocea-

361 1175 510 1214 num
558 1158 689 1233 jam
747 1155 964 1213 ultimo
1023 1155 1402 1231 respicienti:
1478 1173 1608 1212 esse
1681 1155 1894 1212 mortis
1966 1174 2158 1232 genus

363 1254 568 1333 Ulyssi
602 1254 803 1323 fatale,
835 1255 995 1331 quod
1028 1273 1062 1311 e
1091 1254 1243 1312 mari
1275 1254 1479 1312 veniat
1521 1273 1592 1311 ac
1622 1253 1823 1332 pelagi
1850 1261 2155 1312 amantem

364 1353 612 1411 deceat:

609 1481 829 1493 ........
867 1447 1049 1494 θάνατος
1070 1448 1122 1493 δέ
1140 1467 1207 1493 τοι
1229 1448 1279 1504 ἐξ
1300 1447 1409 1494 ἁλὸς
1429 1448 1546 1509 αὐτῷ

603 1522 833 1581 ἀβληχρὸς·
851 1523 972 1580 μάλα
992 1525 1109 1568 τοῖος
1130 1520 1377 1575 ἐλεύσεται,
1400 1521 1449 1568 ὅς
1470 1521 1525 1566 κέ
1539 1541 1594 1567 σε
1614 1521 1763 1582 πέφνῃ

601 1593 728 1655 γήρα’
750 1594 836 1640 ὕπο
855 1598 1029 1656 λιπαρῷ
1053 1595 1266 1655 ἀρημένον
1270 1628 1690 1642 ...............

362 1699 674 1775 Ejusmodi
707 1707 914 1757 autem
955 1699 1181 1777 aliquid
1213 1701 1416 1758 venire
1461 1720 1583 1758 non
1627 1719 1761 1758 raro
1804 1701 1869 1757 in
1899 1706 2041 1758 vota
2084 1720 2154 1759 ac

361 1817 569 1874 preces
608 1805 946 1867 nautarum,
986 1798 1061 1855 de
1100 1798 1396 1856 mortibus
1427 1799 1547 1856 suis
1578 1806 1641 1856 et
1681 1798 1951 1875 exequiis
1995 1799 2156 1877 cogi-

362 1898 642 1966 tantium,
675 1904 898 1955 norunt
929 1916 1137 1955 omnes
1167 1897 1427 1955 nationis
1458 1898 1587 1974 ejus
1616 1897 1815 1974 periti.

448 2079 754 2139 Absoluta
772 2082 902 2158 jam
933 2080 1038 2141 illa
1065 2088 1236 2159 parte
1264 2080 1590 2158 Odysseiae,
1615 2101 1752 2158 quae
1785 2087 1947 2139 terra
1975 2081 2155 2138 mari-

362 2198 479 2253 que
500 2178 803 2253 jactatum
835 2177 1097 2255 Ulyssen
1127 2177 1418 2255 depingit,
1444 2178 1755 2235 veniamus
1786 2177 1862 2234 ad
1892 2176 2153 2235 alterum

362 2278 530 2352 quasi
575 2277 902 2355 Tragoediae
954 2282 1178 2345 actum,
1224 2275 1574 2335 Ithacenses
1618 2295 1712 2334 res
1755 2275 2040 2334 videlicet
2083 2295 2153 2334 ac

361 2376 755 2434 domesticast
802 2396 934 2453 quae
962 2376 1179 2434 eodem
1208 2373 1386 2452 plane
1416 2375 1742 2450 pertinent,
1767 2375 2053 2432 nimirum
2082 2378 2153 2431 ut

362 2473 554 2530 otium
578 2479 717 2549 post
739 2472 972 2530 labores
997 2473 1442 2541 commendent,
1461 2492 1584 2530 non
1609 2472 2029 2549 qualecunque
2048 2473 2153 2531 sed

361 2572 487 2629 viro
519 2571 660 2629 forti
704 2572 1026 2647 animoque
1057 2590 1198 2629 vere
1241 2571 1407 2648 regio
1438 2571 1706 2648 dignum.
1798 2570 1944 2628 Non
1990 2570 2154 2629 enim

361 2668 556 2726 solum
600 2669 915 2727 revisenda
945 2674 1074 2726 erat
1103 2668 1315 2745 patria,
1346 2686 1555 2725 verum
1587 2669 1774 2727 etiam
1814 2667 1878 2724 in
1912 2666 2155 2725 liberta-

360 2772 486 2823 tem
540 2766 615 2823 ab
674 2766 1078 2843 impurissimo
1136 2765 1510 2824 nebulonum
1566 2772 1728 2824 coetu
1776 2764 2151 2822 vindicanda.

362 2863 672 2921 Nimirum
703 2865 949 2922 fuerunt
991 2883 1140 2940 quos
1181 2883 1253 2922 ea
1297 2883 1391 2922 res
1434 2862 1734 2932 fefellerit,
1767 2862 1927 2938 quod
1959 2860 2154 2939 Odys-

360 2964 547 3021 seiam
584 2963 660 3021 ab
698 2962 891 3020 Iliade
927 2969 1214 3039 putarent
1258 2962 1345 3020 ita
1387 2963 1769 3039 potissimum
1799 2961 2150 3037 discrepare,

362 3067 433 3117 ut
464 3060 569 3118 illa
598 3061 863 3136 privatos
893 3060 1053 3117 intra
1081 3057 1342 3135 parietes
1363 3059 1644 3116 universa
1667 3057 2066 3124 contineatur,
2089 3056 2153 3112 in

358 3160 472 3218 hac
517 3180 612 3218 res
658 3167 872 3238 agatur
916 3159 1174 3236 publica,
1221 3179 1450 3238 regum,
1499 3159 1741 3226 ducum,
1791 3155 2152 3234 populorum

359 3259 638 3316 fortunae.
717 3259 927 3336 Atque
973 3259 1035 3315 in
1094 3277 1167 3315 ea
1227 3257 1528 3316 sententia
1578 3256 1714 3325 fuit,
1764 3262 1835 3313 ut
1895 3254 2150 3335 videtur,

359 3356 597 3416 Criticae
627 3359 771 3416 artis
801 3357 1087 3427 antistes3
1134 3356 1356 3433 quippe
1386 3356 1488 3431 qui
1518 3355 1674 3413 hanc
1693 3354 1819 3412 fere
1845 3351 2152 3430 Odysseiae

337 3474 657 3514 ¹summam
688 3474 817 3514 esse
848 3462 1144 3514 statuatz:
1177 3451 1598 3521 ἆποδημοῦντός
1626 3477 1777 3515 τινος·
1805 3451 1902 3518 ἔτη
1934 3444 2149 3514 πολλὰ,

1066 3643 1083 3660 ²
1116 3636 1187 3680 De
1209 3635 1335 3680 Poet.
1358 3648 1432 3692 30.
