2320 4126
179 273 335 308 PRAEL.
351 271 465 305 xm.
499 252 834 303 Dominorum
856 248 1144 300 sententiam
1166 248 1224 299 in
1247 265 1408 299 servos
1431 247 1679 300 derivari.
1815 248 1923 302 217

409 394 608 452 ἀφραίνει
629 393 768 448 ξεῖνος
788 391 882 435 νέον
903 389 1091 434 ἄλλοθεν
1111 387 1387 445 εἷληλούθως·

410 467 526 510 ἀλλά
545 485 617 522 μιν
637 462 766 522 αἶψα,
789 463 889 515 νέοι,
913 463 1045 519 δόμου
1067 461 1353 520 ἐκπέμψασθε
1374 460 1528 519 θυράζε

411 540 471 584 εἷς
489 538 650 597 ἀγορὴν
670 537 890 595 ἔρχεσθαι·
924 536 1017 579 ἐπεὶ
1038 536 1138 580 τάδε
1160 535 1278 579 νυκτὶ
1299 530 1447 578 ἐΐσκει.

262 660 608 717 Proximum
665 664 810 724 erat,
868 663 937 713 ut
995 658 1094 733 qui
1152 656 1499 733 religionem
1561 663 1921 731 spernerent,

182 766 304 815 tum
370 774 694 831 pauperum
754 762 884 810 tum
947 754 1229 821 Deorum,
1291 753 1545 810 libenter
1616 753 1797 810 etiam
1860 754 1922 810 in

176 860 438 911 mortuos
467 851 852 908 insultarent:
905 851 1236 926 cujusmodi
1273 858 1412 908 sunt
1453 870 1538 918 ea,
1572 850 1785 926 quibus
1820 850 1921 908 ille

174 951 471 1009 Antinous
523 949 833 1005 Eumaeum
885 948 1158 1025 objurgat
1215 955 1278 1005 et
1336 947 1692 1013 Philaetium,
1739 947 1924 1023 lacry-

174 1055 421 1115 menteS,
462 1054 530 1103 ut
573 1047 657 1114 fit,
693 1047 1099 1103 recordatione
1141 1046 1295 1121 regis
1330 1046 1544 1112 amissi,
1585 1064 1720 1102 cum
1764 1045 1924 1102 vide-

175 1149 306 1199 rent
349 1142 738 1216 manibusque
783 1148 1084 1218 gestarent
1131 1160 1333 1199 arcum
1385 1141 1511 1216 ejus
1561 1141 1739 1218 longo
1790 1147 1923 1217 post

172 1247 437 1315 tempore
468 1239 930 1314 depromptum‘.

404 1371 619 1430 δακρύσας
640 1371 676 1415 δ’
699 1374 885 1428 Εὔμαιος
906 1371 1082 1428 ἐδέξατο
1104 1371 1173 1414 καὶ
1194 1370 1436 1427 κατέθηκεν·

403 1447 524 1488 κλαῖε
545 1446 591 1489 δέ
610 1447 824 1498 βουκόλος
844 1444 1013 1495 ἄλλοθ’,
1036 1444 1128 1487 ἐπεὶ
1148 1442 1213 1488 ἵδε
1234 1444 1363 1499 τόξον
1383 1444 1576 1489 ἄνακτος.

401 1515 618 1562 Ἀντίνοος
638 1515 675 1560 δ’
696 1516 923 1568 ἐνένιπτεν,
945 1517 1047 1561 ἔπος
1067 1515 1102 1559 τ’
1125 1515 1267 1574 ἔφατ’,
1291 1517 1336 1559 ἐκ
1357 1515 1392 1560 τ’
1416 1516 1634 1573 ὀνόμαζεν·

403 1588 543 1645 νήπιοι
563 1590 808 1648 ἀγροιῶται,
832 1589 1046 1647 ἐφημέρια
1068 1588 1342 1646 φρονέοντες,

404 1661 432 1706 ἆ
452 1663 595 1714 δειλώ,
618 1663 660 1707 τί
679 1681 728 1707 νυ
749 1664 881 1721 δάκρυ
904 1662 1165 1715 κατείβετον,
1188 1659 1263 1717 ἠδὲ
1283 1662 1451 1719 γυναικὶ

405 1735 538 1792 θυμὸν
559 1735 620 1779 ἐνὶ
642 1734 886 1791 στήθεσσιν
906 1735 1097 1791 ὀρίνετον
1112 1753 1125 1786 ;
1156 1733 1234 1791 ᾗτε
1255 1735 1324 1778 καὶ
1344 1735 1491 1780 ἄλλως

401 1811 533 1852 κεῖται
556 1808 600 1852 ἐν
620 1808 778 1865 ἄλγεσι
800 1808 947 1862 θυμὸς,
970 1808 1062 1851 ἐπεὶ
1082 1808 1222 1865 φίλον
1242 1806 1373 1851 ὦλεσ’
1396 1806 1583 1863 ἀκοίτην.

402 1879 501 1923 ἀλλ’
524 1880 658 1923 ἀκέων
678 1880 882 1924 δαίνυσθε
903 1878 1143 1936 καθήμενοι,
1166 1878 1215 1935 ἦὲ
1237 1879 1393 1937 θυράζε

401 1950 597 1996 κλαίετον
618 1952 856 2007 ἐξελθόντε,
879 1951 968 1995 κατ’
991 1952 1139 1996 αὐτόθι
1160 1952 1268 2007 τόξα
1287 1953 1480 1996 λιπόντε.

254 2067 441 2124 Mitto
486 2087 570 2135 ea,
607 2087 737 2143 quae
775 2069 962 2144 magis
1004 2069 1065 2123 in
1109 2075 1390 2143 promptu
1431 2075 1569 2125 sunt
1614 2068 1922 2136 omnibus;

168 2163 540 2221 insolentiam
587 2183 916 2240 procorum,
968 2164 1199 2221 insanas
1249 2164 1468 2240 epulas,
1521 2163 1921 2232 vinolentiam,

168 2260 454 2327 libidines,
486 2261 569 2316 rei
600 2260 810 2317 alienae
841 2261 1260 2336 appetentiam.
1330 2260 1535 2318 Unum
1562 2261 1753 2318 solum
1783 2261 1922 2318 huic

169 2357 346 2432 capiti
376 2356 622 2423 addam3
667 2376 862 2414 servos
893 2358 1169 2414 videlicet
1197 2359 1471 2433 ipsasque
1502 2360 1650 2415 adeo
1682 2357 1923 2415 ancillas

168 2454 471 2527 utriusque
500 2454 681 2528 partis
710 2454 1028 2530 imaginem
1059 2454 1214 2511 clare
1238 2455 1589 2529 exprimere.
1651 2454 1920 2510 Plurium

169 2549 575 2624 exemplorum
606 2550 789 2606 instar
818 2551 894 2607 sit
925 2551 1331 2607 dulcissimum
1368 2550 1516 2607 illud
1553 2558 1692 2607 ante
1722 2551 1922 2608 focum

171 2643 399 2701 Eumaei
435 2644 814 2719 colloquium.
902 2645 1076 2713 Quod
1119 2646 1166 2701 si
1197 2646 1327 2720 quis
1366 2664 1464 2702 me
1495 2645 1640 2701 velit
1674 2646 1923 2703 interro-

167 2759 324 2816 gare,
356 2741 497 2815 quid
526 2742 787 2798 maxime
818 2742 1082 2799 omnium
1123 2743 1199 2798 sit
1239 2742 1301 2798 in
1336 2760 1512 2799 causa
1547 2761 1652 2799 cur
1681 2762 1751 2799 eo
1781 2742 1924 2798 ἐπει-

169 2834 333 2909 σοδίῳ
374 2843 685 2912 tantopere
722 2837 1016 2906 delecter3
1061 2839 1447 2913 respondeam
1486 2839 1762 2913 equidem
1803 2858 1922 2896 non

168 2932 314 2990 adeo
353 2953 451 2990 me
491 2935 619 3009 capi
665 2935 1009 2991 suavissima
1038 2936 1174 2991 vitae
1215 2935 1462 3010 agrestis
1496 2935 1771 3011 imagine,
1803 2956 1923 3009 non

168 3030 444 3104 pastorali
474 3031 575 3088 illa
601 3033 770 3106 copia
799 3051 866 3088 ac
897 3031 1345 3106 tranquillitate,
1376 3051 1495 3088 non
1535 3032 1739 3088 ordine
1778 3051 1924 3108 pen-

169 3143 382 3192 sorum,
435 3147 553 3183 non
603 3127 764 3203 largo
814 3128 1103 3203 hilarique
1152 3129 1427 3204 hospitio,
1472 3147 1647 3203 quam
1698 3129 1815 3185 fido
1859 3129 1922 3185 in

169 3221 377 3278 herum
419 3242 591 3279 suum
635 3231 815 3298 atque
852 3225 913 3280 in
945 3223 1106 3281 Deos
1139 3224 1505 3281 immortales
1544 3225 1774 3283 animo:
1821 3227 1920 3300 qui

170 3319 350 3374 etiam
388 3339 507 3374 non
537 3327 662 3376 tam
692 3320 946 3377 delicato
977 3320 1290 3378 verborum
1326 3321 1558 3377 ambitu
1588 3339 1765 3395 quam
1805 3322 1918 3396 spi·

169 3415 283 3472 ritu
324 3418 578 3491 quodam
622 3423 909 3492 perpetuo
953 3418 1055 3473 sed
1101 3417 1284 3474 tacito
1325 3418 1672 3476 declaratur.
1760 3418 1919 3487 Quid

866 3600 879 3617 ¹
911 3592 1004 3636 od.
1025 3593 1115 3636 xxi.
1138 3593 1209 3636 82.
