2320 4126
147 289 302 323 PRAEL.
322 287 394 319 lx,
543 273 598 317 ut
622 266 786 335 ipsum
810 264 1012 316 militine
1037 273 1288 333 expertum
1313 264 1494 316 decuit.
1787 261 1894 322 137

148 412 364 488 opinor,
416 427 550 465 cum
598 408 795 464 animo
847 413 1115 463 cerneret
1161 405 1363 472 Poeta,
1410 407 1634 481 optime
1686 427 1893 484 reprae-

147 506 359 565 sentari
389 504 615 561 curavit
645 521 750 578 per
777 501 943 569 illud,

435 610 508 652 τόν
528 609 567 651 οἱ
586 608 686 665 περὶ
706 608 804 665 χεὶρ
825 607 1059 665 ἐκάλυψεν.

230 713 403 781 Quid,
449 729 583 786 quae
626 711 686 766 in
730 715 995 767 mentem
1040 710 1305 786 Agenori
1352 710 1616 778 veniunt,
1662 730 1892 768 summo

148 812 285 867 vitae
316 829 382 867 ac
417 808 618 865 mortis
646 806 988 882 perieulox2

435 915 472 958 εἷ
492 913 528 958 δ’
551 912 603 958 ἂν
624 913 708 971 ἐγὼ
730 912 906 959 τούτους
925 914 1004 970 μὲν
1024 913 1364 958 ὑποκλονέεσθαι
1387 913 1503 958 ἐάσω

435 987 626 1043 Πηλείδῃ
646 986 835 1042 Ἀχιλῆϊ,
857 987 990 1030 ποσὶν
1010 985 1046 1029 δ’
1069 986 1154 1030 ἀπὸ
1175 986 1339 1043 τείχεος
1359 985 1473 1042 ἄλλῃ

433 1057 583 1116 φεύγω
603 1059 712 1115 πρὸς
730 1058 878 1102 πεδίον
891 1056 1062 1114 Ἰλήϊον,
1085 1056 1186 1115 ὄφρ’
1209 1058 1260 1101 ἂν
1279 1056 1430 1114 ἵκωμαι

424 1130 544 1186 Ἴδῃς
563 1148 610 1173 τε
633 1130 825 1186 κνημοὺς,
847 1130 952 1173 κατά
972 1148 1018 1173 τε
1038 1128 1204 1187 ῥωπήϊα
1224 1127 1324 1173 δύω·

434 1201 635 1259 ἑσπέριος
655 1200 691 1244 δ’
713 1201 764 1244 ἂν
784 1201 942 1252 ἔπειτα,
964 1202 1262 1257 λοεσσάμενος
1280 1203 1505 1257 ποταμοῖο,

436 1273 539 1330 ἶδρῶ
559 1272 847 1330 ἀποψυχθεὶς,
868 1273 970 1317 ποτὶ
978 1270 1120 1316 Ἴλιον
1138 1271 1407 1328 ἀπονεοίμην.

150 1369 313 1427 Ν11111
357 1387 427 1425 ea
469 1374 625 1436 sunt,
669 1387 798 1442 quae
842 1367 1014 1424 facile
1058 1367 1132 1424 ab
1176 1366 1402 1423 imbelli
1439 1367 1646 1441 quovis
1685 1374 1747 1425 et
1792 1369 1893 1427 de-

147 1465 321 1522 licato
372 1463 694 1540 excogitari
739 1463 1084 1538 potuerint?
1174 1462 1291 1531 Qui
1338 1463 1648 1539 magnifica
1694 1466 1894 1522 omnia

146 1567 399 1636 crepant,
430 1574 574 1616 num
604 1560 796 1616 ferant
826 1579 999 1634 aequo
1030 1560 1226 1616 animo
1258 1565 1292 1591 “
1312 1559 1539 1617 sudoris
1580 1559 1892 1618 abluendi”

146 1658 506 1714 mentionem
535 1656 680 1723 fieri,
713 1662 835 1712 tam
876 1656 1039 1732 gravi
1079 1674 1274 1711 rerum
1313 1656 1691 1714 discrimine?
1759 1657 1893 1725 Qua

150 1760 347 1810 tamen
390 1753 532 1827 ipsa,
565 1770 699 1808 cum
731 1759 978 1807 ventum
1017 1751 1091 1807 ad
1124 1770 1327 1807 verum
1368 1758 1475 1818 est,
1506 1751 1652 1807 nihil
1693 1754 1892 1827 potuit

148 1848 339 1923 aptius
366 1847 584 1904 induci.
675 1846 835 1904 Nam
867 1847 1065 1903 nescio
1094 1847 1390 1921 quomodo
1428 1854 1658 1905 mentes
1702 1848 1892 1906 homi-

144 1963 301 2012 num,
344 1944 698 2021 gravissimis
741 1943 1124 2018 temporibus,
1167 1943 1414 2000 minima
1464 1962 1710 2019 quaeque
1762 1929 1892 2003 tan-

143 2047 322 2116 gunt:
368 2039 462 2097 vel
492 2041 629 2115 quia
657 2039 832 2115 pleno
864 2040 1028 2115 quasi
1059 2039 1274 2115 poculo
1306 2038 1521 2096 doloris
1550 2059 1626 2097 ne
1654 2048 1891 2116 guttam·

146 2137 382 2211 quidem
411 2135 583 2194 facile
627 2136 933 2212 patiuntur
966 2136 1233 2193 infundi:
1280 2136 1374 2193 vel
1414 2137 1551 2211 quia
1592 2156 1891 2213 germanae

147 2231 505 2288 fortitudinis
550 2237 660 2299 est,
696 2231 1065 2305 quotidianas
1107 2231 1282 2287 hasce
1325 2230 1625 2288 molestias
1669 2250 1891 2303 curare,

147 2346 221 2384 ne
251 2329 425 2384 anxie
454 2327 628 2384 nimis
658 2328 731 2384 de
761 2346 992 2384 summa
1020 2346 1214 2384 rerum
1248 2328 1529 2404 cogitent.

227 2424 430 2498 Atque
473 2424 534 2479 in
576 2423 688 2480 hoc
731 2441 947 2498 genere
982 2423 1154 2479 venia
1198 2423 1274 2479 sit
1318 2423 1660 2498 exemplum
1701 2424 1892 2498 profe-

144 2519 294 2574 renti
360 2518 434 2575 de
497 2518 823 2575 recentiore
886 2518 1171 2574 memoria
1244 2525 1566 2593 sumptum.
1684 2519 1892 2578 Nostis

144 2614 346 2688 utique
385 2613 647 2673 nobilem
677 2614 998 2681 foeminam,
1030 2633 1163 2687 quae
1194 2615 1254 2669 in
1286 2612 1659 2671 Occidentali
1696 2615 1894 2673 Gallia

143 2728 233 2766 res
261 2728 496 2766 suorum
540 2709 785 2766 afflictas
823 2710 1214 2784 perditasque,
1248 2709 1635 2785 quadraginta
1677 2711 1892 2769 abhinc

144 2805 322 2871 anniS,
354 2805 589 2881 egregie
618 2804 891 2860 narravit.
981 2803 1111 2867 Illa,
1152 2822 1382 2859 summo
1418 2803 1620 2861 dolore
1658 2805 1891 2875 affecta,

145 2908 325 2957 exuta
373 2901 556 2967 bonis,
596 2900 946 2956 moribundo
995 2899 1225 2965 maritO,
1271 2900 1580 2974 praedones
1626 2903 1892 2960 omnium

146 2994 572 3052 crudelissimos
622 2994 870 3070 fugiens,
929 3000 1242 3070 postquam
1300 2994 1498 3051 omnia
1554 2984 1766 3054 acerba
1822 3018 1892 3056 ac

146 3088 378 3147 funesta
415 3092 817 3166 descripserat,
847 3109 967 3147 non
1002 3096 1239 3146 veretur
1281 3078 1429 3146 illud
1468 3092 1700 3160 addere,
1733 3095 1892 3168 quod

146 3184 219 3240 ab
257 3185 383 3242 istis
425 3186 842 3262 grandiloquiS,
880 3187 926 3243 si
957 3186 1099 3261 quid
1143 3184 1323 3250 aliud,
1362 3185 1706 3244 abhorreat:
1752 3208 1890 3246 nam

147 3298 281 3335 cum
311 3299 380 3337 ea
409 3282 656 3356 pedibus
691 3289 1036 3358 sequeretur
1070 3280 1344 3337 lecticam
1386 3282 1565 3338 saucii
1606 3285 1890 3361 conjugis,

147 3381 306 3432 arcta
350 3376 508 3433 solea
552 3377 800 3452 plantaS,
846 3384 914 3434 ut
954 3378 1038 3444 fit,
1079 3375 1216 3432 laedi
1260 3394 1329 3441 ac,
1379 3377 1700 3454 constringi
1748 3399 1890 3455 que-

147 3469 345 3526 ritury.

149 3594 174 3617 x
196 3587 247 3632 Il.
269 3589 358 3633 xxi.
380 3589 481 3646 556.
544 3596 567 3628 Y
587 3590 718 3636 Mem.
742 3591 793 3634 de
813 3591 1017 3634 Madame
1038 3590 1089 3633 de
1109 3590 1181 3633 La
1202 3589 1347 3633 Roche
1366 3589 1632 3646 Jacquelein,
1652 3590 1782 3649 chap.
1797 3594 1884 3638 xiv.
