2320 4126
351 228 422 281 16
540 229 770 280 Docetur
794 223 1034 296 amempZO,
1052 223 1184 294 quid
1203 223 1272 275 sit
1296 223 1354 274 iaz
1372 222 1558 292 pueris
1575 219 1855 273 Poeticum.
1902 238 2066 271 PRAEL.
2091 239 2145 272 11.

350 371 779 431 contumeliam
822 369 979 427 Solis
1024 369 1220 427 radios
1261 387 1368 444 pro
1415 366 1579 422 omni
1627 364 1931 441 stipendio
1977 384 2147 423 mon-

350 472 585 538 stranti,
632 467 947 536 Δεκόμεθα,
1002 468 1174 534 dixit,
1227 465 1270 522 ὦ
1319 465 1580 536 βασιλεῦ,
1634 462 1709 521 τοὶ
1765 460 1949 525 διδοῖς·
2014 471 2142 520 tum

350 570 513 627 dioto
551 569 747 635 eitius,
777 562 1127 645 περιγράφει
1168 568 1240 640 τῇ
1283 562 1534 642 μαχαίρῃ
1581 562 1631 623 ἐς
1676 559 1747 618 τὸ
1793 558 2005 640 ἔδαφος
2044 566 2149 618 τοῦ

351 667 501 724 οἴκου
531 666 634 724 τὸν
664 663 840 734 ἥλιον·
889 660 1265 743 περιγράψας
1296 660 1371 730 δὲ,
1402 662 1454 724 ε’ς·
1484 658 1587 719 τὸν
1617 659 1837 717 κόλπον
1866 659 1991 740 τρὶς·
2020 659 2150 739 ἀρυ-

350 762 587 833 σάμενος
625 768 729 822 τοῦ
776 763 951 831 ἡλίου,
996 758 1439 819 ἀπαλλάσσετο.
1533 759 1632 818 Ita
1673 759 1980 836 specimen
2029 778 2149 817 suae

350 863 518 920 dedit
570 861 807 930 indolis,
861 861 1115 938 egregiae
1173 878 1335 927 sane,
1400 878 1658 934 vereque
1711 857 1963 935 regalis:
2029 876 2149 934 quo

349 970 638 1036 tanquam
670 960 872 1015 omine
903 958 1260 1034 perterritus
1291 957 1498 1014 statim
1531 964 1839 1033 tyrannuS,
1878 955 2150 1032 elapsum

348 1079 383 1116 e
429 1058 705 1115 manibus
751 1076 883 1114 sero
934 1056 1008 1113 ad
1054 1055 1380 1132 perniciem
1424 1055 1734 1131 quaesivit3
1796 1056 2016 1112 deinde
2061 1073 2151 1111 re-

348 1175 607 1223 versum,
655 1155 837 1233 longo
889 1162 1027 1231 post
1074 1160 1369 1230 tempore,
1417 1152 1580 1211 bello
1634 1160 1698 1210 et
1749 1153 1930 1210 armis
1977 1171 2151 1229 supe-

348 1255 567 1339 riorem
622 1262 714 1313 est
766 1260 1071 1330 expertus.
1164 1251 1320 1310 Haec
1373 1252 1576 1309 omnia
1622 1250 1994 1320 Herodotus,
2043 1271 2152 1309 suo

348 1372 535 1422 more,
568 1353 872 1429 permixta
902 1350 1138 1421 fabulis,
1170 1352 1259 1409 ita
1299 1358 1503 1409 tamen
1537 1358 1608 1408 ut
1638 1349 1898 1427 plurima
1927 1351 2153 1427 ubique

349 1451 669 1509 veritatem
717 1458 782 1507 et
833 1457 1111 1508 naturam
1160 1448 1508 1507 redoleant:
1572 1469 1704 1525 quae
1758 1449 2154 1526 disputationi

348 1549 491 1606 huic
550 1555 769 1606 nostrae
829 1567 951 1605 non
1007 1548 1339 1626 incongrua
1399 1547 1527 1605 fore
1581 1547 1942 1606 existimavi.
2034 1552 2155 1606 Ne-

348 1667 466 1723 que
512 1647 675 1704 enim
712 1647 1051 1722 quisquam,
1093 1653 1164 1703 ut
1217 1648 1445 1723 opinor,
1490 1646 1750 1714 dubitet,
1794 1647 1842 1704 si
1880 1646 2004 1704 tale
2049 1646 2155 1704 ali-

347 1745 492 1822 quid
560 1745 740 1802 hodie
808 1745 1212 1821 conspexerit,
1278 1745 1426 1820 quin
1494 1743 1819 1802 scintillam
1889 1744 2153 1820 aliquam

346 1845 600 1921 poeticae
644 1843 903 1902 flammae
955 1844 1277 1901 emicuisse
1327 1842 1490 1900 dicat
1542 1862 1731 1920 puero
1784 1842 1911 1911 illi;
1972 1862 2154 1919 quem

346 1950 554 2001 tamen
595 1941 794 2019 ipsum
827 1942 903 1999 de
934 1961 1112 2000 versu
1155 1941 1434 2000 faciendo
1475 1941 1646 1999 nullo
1692 1961 1961 2018 unquam
1998 1948 2156 1999 tem-

347 2060 491 2117 pore
543 2059 621 2097 ne
674 2040 1003 2098 somniasse
1056 2040 1303 2117 quidem
1357 2046 1452 2097 est
1510 2039 1818 2098 credibile.
1914 2039 2153 2099 Verum

346 2141 569 2217 poetici
623 2146 753 2197 erat
803 2139 1147 2207 instinctus,
1194 2139 1311 2196 isto
1365 2139 1534 2214 quasi
1589 2138 1913 2197 simulacro
1975 2138 2153 2196 solari

346 2239 582 2316 regium
645 2238 940 2307 animum,
1006 2237 1335 2315 gloriaeque
1401 2244 1815 2313 appetentem,
1881 2238 2151 2295 nondum

346 2346 554 2395 tamen
613 2337 848 2414 agendo
917 2342 1244 2406 maturum.
1356 2334 1557 2405 Quem
1623 2336 1667 2393 si
1731 2336 1991 2393 sortunae
2051 2336 2156 2393 ad-

350 2454 553 2492 versus
595 2441 772 2492 tenor
810 2434 886 2491 de
935 2454 1123 2511 regno
1163 2432 1431 2511 cogitare
1472 2434 1782 2502 vetuisset,
1822 2433 2001 2492 facile
2039 2434 2150 2492 tibi

346 2534 537 2611 fingas
569 2532 900 2591 Homerico
937 2533 1203 2591 carmine
1245 2552 1381 2609 spes
1418 2532 1616 2590 irritas
1654 2540 1967 2609 utcunque
1997 2534 2155 2591 mul-

345 2640 609 2702 centem,
662 2632 997 2708 praeliisque
1046 2631 1331 2689 canendis
1390 2628 1894 2689 insenescentem.
1988 2632 2150 2701 Quid

346 2730 581 2788 multa?
672 2729 873 2788 Unico
909 2730 1024 2788 hoc
1070 2730 1353 2806 exemplo
1399 2730 1543 2787 satis
1570 2731 1702 2806 jam
1745 2737 2022 2789 constare
2061 2751 2150 2789 ar-

345 2829 553 2896 bitror,
585 2829 870 2904 quidnam
915 2828 1027 2886 sibi
1070 2827 1262 2886 velint
1291 2827 1587 2896 homines,
1618 2828 1666 2885 si
1698 2829 1938 2904 quando
1970 2836 2008 2861 “
2026 2830 2150 2886 ani-

345 2945 546 2994 mosos
586 2927 901 2994 infanteS,'’
933 2933 1005 2983 ut
1046 2946 1186 2983 cum
1219 2925 1481 2983 Horatio
1513 2926 1744 3002 loquar,
1777 2926 1998 2985 Poesin
2040 2928 2150 2985 im-

346 3025 676 3101 prudentes
708 3043 991 3080 exercere
1023 3024 1245 3081 dicant.

432 3219 636 3278 Venio
696 3218 773 3275 ad
825 3224 1091 3295 agrestes
1141 3225 1203 3275 et
1265 3218 1578 3276 indoctos:
1644 3220 1720 3276 de
1773 3221 1990 3296 quibus
2042 3223 2147 3281 ali-

346 3317 587 3393 quando
639 3316 902 3373 dubitari
954 3316 1251 3383 audimuS,
1305 3336 1382 3374 an
1434 3316 1765 3392 voluptatis
1813 3318 1961 3394 ejuS,
2015 3340 2147 3397 quae

347 3435 487 3473 cum
541 3413 718 3471 Poesi
764 3414 994 3490 optime
1046 3422 1358 3490 congruat,
1408 3413 1535 3471 ullo
1589 3415 1772 3472 modo
1823 3418 2146 3495 participes

346 3511 554 3568 haberi
607 3510 884 3567 debeant.
976 3510 1132 3579 Quae
1188 3512 1382 3568 omnis
1436 3510 1758 3579 dubitatio,
1812 3520 1883 3570 ut
1937 3534 2145 3575 verum

346 3609 554 3675 fatear,
586 3607 741 3664 solet
778 3608 928 3664 mihi
968 3609 1157 3665 videri
1194 3609 1602 3685 arrogantior3
1650 3629 1902 3686 quaeque
1939 3615 2145 3673 otiosis
2215 3604 2222 3611 ¹
