2320 4126
326 200 435 254 226
768 198 1066 264 Homerum,
1094 207 1152 252 ut
1176 217 1337 252 unum
1361 199 1658 271 ayrestium,
1825 216 1986 250 PRAEL.
2009 216 2118 251 xw.

568 342 746 395 εσθλαὶ,
769 342 1069 401 τετράκυκλοι,
1091 340 1163 387 ἀπ’
1187 342 1338 388 οὔδεος
1359 341 1640 401 ὀχλίσσειαν·

567 418 740 474 τόσσην
760 414 977 474 ἧλίβατην
994 415 1159 475 πέτρην
1179 415 1362 474 ἐπέθηκε
1382 414 1585 474 θύρησιν.

325 544 507 603 Adde
538 545 723 603 etiam
754 544 974 620 sceptri
1005 543 1275 619 ejusdem
1307 538 1720 601 mensuramd:

567 680 809 727 Κύκλωπος
828 682 915 740 γὰρ
938 681 1076 725 ἔκειτο
1096 680 1209 739 μεγὰ
1229 678 1428 738 ῥόπαλον
1447 679 1567 737 παρὰ
1588 681 1726 739 σηκῷ,

566 755 761 813 χλωρὸν,
785 751 997 798 ἐλαΐνεον·
1031 755 1082 798 τὸ
1103 753 1184 811 μὲν
1205 753 1402 811 ἔκταμεν,
1426 751 1548 812 ὄφρα
1568 752 1732 812 φοροίη

567 827 765 873 αὐανθέν·
799 828 850 873 τὸ
871 827 951 892 μξν
972 826 1110 885 ἄμμες
1131 824 1337 885 εἵσκομεν
1359 827 1645 886 εἰσορόωντες

567 901 713 947 ὅσσον
734 900 772 946 θ’
797 902 923 946 ἱστὸν
943 902 1044 958 νηὸς
1065 901 1400 960 ἐεικοσόροιο
1420 900 1643 959 μελαίνης,

566 976 795 1036 φορτίδος,
819 975 1001 1034 εὐρείης,
1024 973 1089 1033 ἥτ’
1113 974 1301 1034 ἐκπεράᾳ
1322 975 1437 1033 μέγα
1455 976 1635 1032 λαῖτμα·

565 1051 738 1095 τόσσον
758 1050 833 1107 ἔην
852 1051 1001 1107 μῆκος,
1023 1050 1197 1094 τόσσον
1216 1049 1360 1107 πάχος
1382 1046 1690 1106 εἰσοράασθαι.

325 1175 443 1232 His
487 1175 713 1251 poterit
758 1173 973 1249 aliquis
1011 1172 1176 1231 haud
1220 1173 1605 1231 incommode
1653 1190 1956 1251 opponere
2003 1191 2128 1230 car-

324 1274 490 1331 mina
527 1272 858 1331 doctissimi
898 1270 1131 1341 Poetae,
1165 1271 1436 1340 Miltoni,
1468 1272 1741 1331 docentis
1779 1290 1910 1349 quae
1945 1269 2128 1329 fuerit

323 1371 513 1431 hastae
545 1371 865 1450 Giganteae
894 1370 1124 1429 molese
1150 1390 1164 1430 :

572 1509 726 1558 Quam
748 1508 827 1569 qui
847 1508 963 1553 ferre
984 1508 1107 1562 velit,
1129 1508 1243 1554 ferat
1263 1507 1386 1554 idem
1405 1509 1572 1554 vertice
1591 1508 1755 1568 pinum

570 1582 763 1641 Riphaeo
785 1584 998 1636 excisam,
1013 1584 1225 1642 maloque
1244 1583 1445 1642 insignia
1464 1583 1585 1643 regis

571 1657 799 1715 Imponat,
824 1657 1089 1717 quatiatque
1108 1672 1267 1703 manu.

330 1782 742 1862 Intelligimus
782 1782 962 1862 plane
1006 1784 1367 1842 immensam
1404 1782 1931 1862 magnitudinem;
1975 1781 2126 1840 illud

327 1902 486 1950 vem,
549 1884 713 1959 quod
771 1903 1046 1942 numeros
1104 1903 1228 1941 non
1279 1883 1585 1953 adhibeat,
1630 1883 1872 1941 videtur
1922 1900 2128 1959 sapere

328 1976 682 2059 scriptorem
713 1983 906 2060 magis
935 1982 1346 2041 umbratilem.

415 2079 596 2150 Quid,
627 2081 790 2157 quod
824 2081 1132 2139 Homerus
1163 2081 1506 2158 saepissime,
1536 2079 1900 2139 rusticorum
1938 2098 2125 2146 more,

329 2177 687 2237 diverticula
731 2179 853 2237 suis
891 2180 1104 2256 quaerit
1149 2178 1630 2247 narratiunculis,
1662 2197 1785 2235 non
1830 2177 1982 2234 adeo
2026 2195 2128 2233 ne-

329 2278 626 2337 cessaria?
695 2277 890 2355 Optat
930 2277 1154 2336 alicubi
1188 2277 1487 2345 Minerva,
1524 2275 1779 2353 hospitis
1819 2274 2128 2352 cujusdam

330 2377 790 2435 similitudinem
834 2396 1069 2456 gerenS‚
1106 2377 1234 2435 fore
1273 2382 1344 2434 ut
1392 2375 1641 2454 Ulysses
1681 2373 1850 2433 brevi
1885 2393 1949 2432 se
1988 2379 2129 2433 ante

331 2476 536 2535 oculos
568 2478 742 2536 sistat
773 2472 1063 2535 suorumf.

573 2614 611 2658 εἷ
630 2614 718 2674 γὰρ
740 2617 816 2660 νῦν
836 2613 994 2668 ἐλθὼν,
1016 2614 1154 2673 δόμου
1176 2614 1222 2660 ἐν
1241 2616 1445 2672 πρώτῃσι
1465 2613 1653 2674 θύρῃσιν

574 2688 722 2745 σταίη,
745 2688 860 2746 ἔχων
879 2686 1055 2746 πήληκα
1077 2689 1147 2733 καὶ
1168 2688 1339 2734 ἀσπίδα
1361 2688 1431 2732 καὶ
1453 2687 1531 2733 δύο
1554 2688 1702 2746 δοῦρε,

573 2763 692 2808 τοῖος
715 2761 813 2815 ε’ὼν,
836 2758 931 2807 οἷόν
950 2780 1026 2820 μιν
1046 2762 1134 2822 ἐγὼ
1156 2763 1211 2808 τὰ
1231 2761 1368 2822 πρῶτ’
1392 2762 1571 2819 ἐνόησα,

575 2833 680 2898 οἴκῳ
702 2835 749 2880 ἐν
768 2835 965 2898 ἡμετέρῳ
985 2836 1169 2882 πίνοντά
1188 2856 1237 2882 τε
1257 2838 1526 2897 τερπόμενόν
1546 2854 1609 2889 τε,

573 2908 625 2965 ἐξ
644 2908 844 2969 Ἐφύρης
864 2910 1040 2956 ἀνίοντα
1059 2910 1161 2969 παρ’
1173 2908 1303 2956 Ἴλου
1326 2910 1621 2970 Μερμερίδαο·
1630 2943 1791 2956 ......

574 2978 717 3042 ᾤχετο
737 2984 824 3043 γὰρ
846 2984 916 3028 καὶ
938 2986 1060 3030 κεῖσε
1081 2985 1186 3042 θοῆς
1206 2985 1278 3030 ἐπὶ
1299 2986 1401 3042 νηὸς
1418 2984 1683 3037 Ὀδυσσεὺς,

573 3056 809 3115 φάρμακον
828 3056 1107 3116 ἀνδροφόνον
1127 3057 1364 3116 διζήμενος,
1387 3058 1510 3118 ὄφρα
1526 3059 1567 3102 οἱ
1588 3055 1654 3114 ε’ίη

576 3127 667 3175 ἰοὺς
686 3129 896 3188 χρίεσθαι
914 3129 1178 3190 χαλκήρεας·
1211 3130 1313 3176 ἀλλ’
1337 3134 1362 3176 ὁ
1382 3132 1463 3190 μὲν
1482 3132 1534 3176 οὐ
1555 3132 1596 3175 οἱ

577 3202 727 3257 δῶκεν,
751 3203 848 3249 ε’πεί
866 3203 923 3263 ῥα
943 3204 1069 3252 θεοὺς
1089 3205 1341 3263 νεμεσίζετο
1361 3205 1453 3251 ἀιὲν
1474 3205 1638 3251 ε’όντας·

575 3276 695 3322 ἀλλὰ
714 3277 858 3337 πατήρ
881 3281 923 3323 οἱ
944 3280 1081 3324 δῶκεν
1101 3279 1218 3337 ε’μός·
1251 3279 1468 3339 φιλέεσκε
1487 3280 1574 3339 γὰρ
1596 3280 1756 3326 αἰνῶς’.
1775 3314 1786 3325 .
1807 3314 1817 3325 .
1836 3314 1847 3325 .

575 3354 694 3398 τοῖος
714 3352 796 3398 ε’ὼν
814 3355 1092 3412 μνηστῆρσιν
1112 3353 1368 3412 ὁμιλήσειεν
1386 3353 1651 3408 Ὀδυσσεὺς,

574 3425 734 3472 πάντες
753 3425 790 3471 κ’
813 3426 1031 3486 ὠκύμοροί
1051 3447 1099 3473 τε
1118 3428 1321 3488 γενοίατο
1340 3428 1607 3487 πικρόγαμοί
1626 3447 1689 3474 τε.

404 3616 417 3641 ¹
449 3616 539 3662 Od.
563 3619 623 3664 ix.
646 3634 751 3679 319.
937 3629 954 3649 0
990 3623 1210 3667 Paradise
1230 3624 1359 3678 Lost,
1381 3625 1412 3668 i.
1438 3638 1540 3682 292.
1727 3623 1741 3649 f
1770 3622 1861 3669 Od.
1884 3622 1959 3667 xii.
1984 3631 2086 3676 255.

2274 2442 2295 2547 ἕ

2269 2555 2287 2622 ἑ
