2320 4126
338 244 444 301 192
740 240 1028 295 Nausicaa?
1054 259 1167 294 oum
1205 239 1259 293 U
1257 241 1380 310 lyaee
1405 240 1726 312 colloquium.
1855 259 2018 294 PRAEL·
2039 260 2133 294 xn.

340 405 530 465 Plane
571 402 834 483 gemella
874 410 1014 461 sunt
1054 421 1141 470 ea,
1174 403 1232 459 ni
1279 400 1468 470 fallor,
1499 410 1683 478 atque
1725 402 1855 470 ista,
1889 420 2026 479 quae
2057 403 2133 461 de

340 505 646 564 Nausicaa
676 504 839 562 dicta
884 520 992 560 nos
1037 501 1151 559 hoc
1183 508 1458 577 tempore
1500 507 1865 559 tractamus:
1915 501 2129 578 qualia,

338 612 407 663 ut
440 604 584 672 dixi,
616 622 738 661 non
770 602 898 660 sine
923 599 1226 676 exquisito
1246 598 1480 675 judicio
1504 618 1577 657 eo
1597 600 1978 676 potissimum
2002 600 2134 659 loco

337 702 717 769 adhibentur,
751 719 870 777 quo
901 698 1168 756 maxime
1205 704 1377 756 erant
1421 697 1726 757 reficiendi
1768 698 1950 757 animi
1998 707 2133 776 post

338 800 653 860 infandum
684 796 913 857 Oceani
946 794 1299 855 tumultum.

441 899 679 957 Deinde
711 896 961 955 recolite
991 895 1212 972 quibus
1243 894 1348 954 illa
1378 895 1562 974 signis
1593 895 1808 954 doceat
1849 894 2129 974 Ulyssem

338 1017 470 1075 quae
501 998 598 1056 via
627 998 723 1066 sit,
755 996 857 1074 qui
889 995 1054 1054 urbis
1099 995 1419 1074 ingressus,
1452 995 1549 1055 cui
1591 996 1821 1054 nemori
1869 1015 2134 1056 commo-

339 1095 582 1154 dissime
634 1094 708 1153 ad
758 1102 1000 1171 tempus
1061 1091 1346 1151 succedat
1407 1092 1655 1171 aliquis;
1726 1094 1921 1171 ipsum
1983 1093 2134 1152 adeo

336 1194 487 1255 aulae
533 1200 796 1272 paternae
855 1192 1144 1261 ordinem,
1205 1199 1269 1249 et
1328 1211 1447 1269 quo
1506 1194 1759 1271 quisque
1808 1193 1940 1252 loco
1988 1201 2131 1253 ante

338 1296 540 1353 focum
573 1287 854 1354 sedeatd:

579 1430 697 1491 δήεις
717 1431 888 1492 ἀγλαὸν
909 1430 1052 1477 ἅλσος
1071 1428 1256 1488 Ἀθήνης
1277 1429 1383 1491 ἅγχι
1406 1428 1614 1477 κελεύθου

584 1506 802 1567 αἰγείρων·
839 1505 885 1551 ἐν
907 1505 954 1550 δὲ
978 1503 1111 1565 κρήνη
1135 1505 1241 1558 νάει,
1264 1504 1381 1565 ἀμφὶ
1403 1505 1450 1550 δέ
1472 1503 1650 1565 λείμων·

584 1581 687 1627 ἔνθα
710 1581 757 1626 δὲ
779 1581 947 1639 πατρὸς
968 1580 1074 1639 ἐμοῦ
1096 1579 1288 1639 τέμενος,
1310 1579 1519 1625 τεθαλυῖα
1539 1578 1576 1626 τ’
1598 1579 1735 1639 ἀλωὴ,

582 1657 753 1702 τόσσον
774 1654 860 1700 ἀπὸ
881 1655 1080 1708 πτόλιος,
1105 1652 1249 1700 ὅσσον
1269 1672 1317 1698 τε
1337 1652 1503 1714 γέγωνε
1522 1652 1709 1712 βοήσας·

584 1729 688 1775 ἔνθα
711 1728 996 1787 καθεζόμενος
1015 1730 1157 1787 μεῖναι
1178 1729 1354 1787 χρόνον,
1378 1727 1550 1774 εἰσόκεν
1570 1726 1692 1787 ἡμεῖς

582 1804 745 1850 ἄστυδε
767 1801 984 1861 ἔλθωμεν,
1008 1802 1076 1847 καὶ
1101 1801 1289 1861 ἱκώμεθα
1311 1801 1490 1861 δώματα
1510 1805 1690 1863 πατρός.

582 1879 718 1938 αὐτὰρ
742 1877 849 1936 ἐπὴν
870 1876 1004 1936 ἡμέας
1025 1878 1143 1935 ἔλπῃ
1164 1876 1268 1922 ποτὶ
1291 1875 1450 1936 δώματ’
1473 1876 1680 1937 ἀφῖχθαι,

583 1953 652 1998 καὶ
674 1954 774 1999 τότε
796 1950 995 2010 Φαιήκων
1014 1950 1111 2011 ἴμεν
1133 1951 1177 1999 ἐς
1197 1954 1345 2006 πόλιν,
1369 1950 1433 2010 ἧδ’
1461 1951 1664 2012 ἐρέεσθαι

583 2026 761 2084 δώματα
782 2026 949 2086 πατρὸς
970 2026 1075 2084 ἐμοῦ
1096 2024 1400 2086 μεγαλήτορος
1419 2024 1680 2071 Ἀλκινόοιο.

581 2099 678 2159 ῥεῖα
700 2098 737 2145 δ’
759 2098 961 2160 ἀρίγνωτ’
986 2099 1099 2153 ἐστὶ,
1123 2099 1193 2144 καὶ
1214 2097 1266 2145 ἂν
1285 2101 1387 2146 παῖς
1407 2097 1626 2159 ἡγήσαιτο

584 2173 748 2231 νήπιος·
784 2175 835 2219 οὐ
856 2174 936 2233 μὲν
957 2175 1042 2234 γάρ
1064 2192 1106 2219 τι
1129 2174 1300 2220 ἐοικότα
1321 2176 1440 2220 τοῖσι
1461 2173 1660 2220 τέτυκται

587 2248 765 2307 δώματα
788 2247 1000 2306 Φαιήκων,
1023 2246 1114 2295 οἷος
1135 2248 1267 2307 δόμος
1285 2246 1532 2294 Ἀλκινόοιο

585 2322 739 2383 ἥρωος·
774 2321 875 2367 ἀλλ’
901 2321 1021 2368 ὁπότ’
1045 2322 1098 2368 ἄν
1119 2341 1174 2368 σε
1197 2322 1324 2381 δόμοι
1346 2321 1561 2369 κεκύθωσι
1583 2323 1653 2368 καὶ
1674 2323 1801 2381 αὐλὴ,

586 2395 676 2441 ὦκα
697 2396 818 2454 μάλα
839 2396 1051 2456 μεγάροιο
1073 2394 1317 2455 διελθέμεν,
1341 2394 1445 2457 ὄφρ’
1468 2396 1521 2442 ἂν
1540 2394 1655 2454 ἵκηαι

581 2468 730 2530 μητέρ’
756 2468 875 2529 ἐμήν·
911 2470 936 2528 ἡ
958 2469 995 2516 δ’
1020 2469 1154 2529 ἧσται
1177 2469 1242 2517 ἐπ’
1268 2470 1438 2530 ἐσχάρῃ
1461 2470 1508 2518 έν
1527 2472 1666 2531 πυρὸς
1686 2472 1815 2532 αὐγῇ,

584 2543 781 2603 ἠλάκατα
803 2544 1049 2606 στρωφῶσ’
1072 2544 1378 2606 ἁλιπόρφυρα,
1401 2545 1546 2604 θαῦμα
1566 2545 1755 2600 ἰδέσθαι,

584 2620 692 2665 κίονι
715 2618 958 2678 κεκλιμένη·
994 2619 1134 2677 δμωαὶ
1156 2619 1207 2665 δέ
1226 2620 1267 2664 οἱ
1289 2618 1393 2665 εἵατ’
1416 2617 1615 2666 ὄπισθεν·

583 2692 687 2739 ἔνθα
709 2693 758 2738 δὲ
778 2695 946 2752 πατρὸς
969 2693 1087 2751 ἐμεῖο
1109 2693 1266 2753 θρόνος
1285 2692 1583 2739 ποτικέκλιται
1605 2694 1732 2753 αὐγῇ,

584 2770 645 2830 τῷ
668 2766 745 2828 ὅγε
767 2766 1039 2824 οἷνοποτάζει
1061 2767 1295 2828 ἐφήμενος,
1317 2767 1532 2815 ἀθάνατος
1553 2768 1624 2815 ὥς.

584 2842 662 2887 τὸν
685 2842 1094 2902 παραμειψάμενος,
1117 2843 1282 2901 μητρὸς
1301 2843 1421 2900 παρὰ
1441 2840 1628 2902 γούνασι
1648 2844 1800 2903 χεῖρας

582 2918 772 2970 βάλλειν
792 2916 1003 2976 ἡμετέρης
1008 2950 1609 2962 .....................

344 3048 588 3110 Videtis
633 3051 836 3109 omnia
881 3050 1211 3127 comparari
1257 3050 1333 3109 ad
1379 3050 1642 3126 speciem
1682 3049 2132 3127 tranquillitatis

342 3154 406 3205 et
438 3146 546 3204 otii
578 3164 699 3203 non
730 3145 1029 3203 indecori:
1062 3143 1224 3221 quali
1255 3144 1353 3221 qui
1387 3144 1684 3214 fruuntur,
1709 3162 1817 3203 suo
1849 3143 2000 3213 1000,
2026 3163 2132 3203 suo

342 3254 617 3323 tempore
657 3252 878 3324 gerunt
924 3244 1142 3314 omnia,
1175 3264 1285 3303 nec
1327 3244 1591 3303 multum
1626 3246 1858 3309 variant
1902 3245 2133 3325 agenda

343 3345 418 3403 de
451 3344 548 3403 die
579 3344 641 3402 in
672 3345 852 3403 diem.

430 3443 550 3501 Sed
597 3450 661 3501 et
706 3444 985 3503 universa
1026 3443 1345 3503 Phaeacum
1394 3445 1657 3522 regione,
1688 3462 2132 3521 quaquaversus

1067 3659 1084 3684 ⁴¹
1111 3659 1200 3704 Od.
1225 3660 1285 3705 vi.
1307 3674 1410 3719 291.
