2320 4126
343 221 454 274 324
492 221 700 276 Divisae
711 222 859 293 apud
874 222 1186 293 AEsckylum
1206 224 1430 276 Deorum
1454 223 1771 276 Provinc‘t’oe⁸
1807 242 1968 277 PRAEL'.
1987 241 2139 278 xv111.
2183 212 2190 220 ⁸

708 366 933 424 ’ἐπώνυμόν
953 385 1001 411 τε
1021 366 1159 426 ῥεῦμα
1182 367 1252 410 καὶ
1272 368 1530 425 πετρηρεφῆ

707 433 922 486 ubrdxnr‘
945 440 1094 500 ἄντρα,
1118 439 1196 497 τὴν
1217 438 1545 499 σιδηρομήτορα

708 508 856 561 ἐλθεῖν
877 515 921 562 ἐς
941 512 1039 560 αἶαν
1051 534 1065 568 ;
1098 514 1123 572 ἢ
1148 513 1385 574 θεωρήσων
1404 513 1541 573 τύχας

708 588 815 647 ’ἐμὰς
833 588 1007 647 ἀφῖξαι,
1032 589 1102 632 καὶ
1123 588 1419 647 ξυνασχαλῶν
1441 591 1586 636 κακοῖς
1597 607 1612 642 ;

433 677 529 746 En
580 688 803 747 indicia
848 687 1101 745 minime
1153 690 1601 747 contemnenda
1648 689 1870 747 mentis
1917 688 1979 746 in
2031 687 2156 747 hu-'

346 795 596 845 'manum
654 805 847 865 genus
907 798 1048 844 vere
1107 786 1449 845 benevolae!
1550 786 1801 864 Linquit
1863 786 2143 846 Oceanus

344 891 510 944 tutas
559 885 890 964 spelunca&
925 874 1231 963 Nymphae
1279 885 1654 945 liberrimum
1702 888 1818 946 iter
1862 907 1969 964 per
2006 906 2145 946 aera

345 985 772 1061 purissimum3
818 985 1072 1043 veniunt
1103 985 1166 1042 in
1195 985 1352 1043 hanc
1383 992 1624 1054 terram,
1657 988 1816 1045 saxis
1854 1006 2142 1064 asperam,

347 1084 676 1143 durissimae
705 1084 890 1162 prolis
921 1062 1222 1153 altricem,‘
1239 1104 1317 1143 ne
1348 1105 1471 1143 non
1501 1086 1699 1144 adsint
1728 1087 1829 1163 qui
1862 1085 2159 1144 solatium'

345 1184 622 1242 adferant
666 1191 922 1262 patrono
964 1183 1298 1252 hominum,
1348 1186 1554 1262 iniqua
1598 1206 1776 1244 cruce
1822 1185 2142 1244 laboranti:

345 1283 658 1341 venientes
676 1290 902 1352 autem,
927 1282 1128 1360 palam
1153 1290 1214 1341 et
1247 1291 1475 1361 aperte,
1508 1291 1641 1342 tum
1673 1285 1909 1343 telluris
1938 1284 2142 1360 ipsius,

345 1389 478 1439 tum
530 1382 881 1441 mortalium
930 1382 1125 1440 vicem
1179 1382 1409 1451 dolent,
1460 1403 1583 1441 non
1632 1383 1830 1441 solum
1881 1383 2010 1459 ipsa
2057 1381 2145 1438 vi-

346 1482 527 1540 vendi
576 1483 923 1541 conditione
970 1475 1305 1559 positorum
1349 1482 1506 1541 infra
1547 1502 1610 1540 se
1653 1481 2002 1560 longissimo
2055 1481 2145 1537 in-

345 1580 619 1649 tervaIIO,
680 1600 891 1639 verum
944 1581 1128 1639 etiam
1184 1582 1574 1659 degenerum,
1637 1587 1700 1639 et
1761 1582 2146 1658 indignorum

345 1689 606 1755 prorsus,
636 1674 708 1737 ad
746 1695 895 1756 quos
927 1679 1221 1737 accedant
1254 1679 1406 1739 lucis
1438 1689 1501 1739 et
1532 1681 1771 1739 aetheris
1802 1681 2122 1758 indigenae.

430 1776 708 1836 Dicimus
755 1785 1063 1856 praeterea,
1117 1779 1318 1837 labem
1367 1779 1542 1838 illum
1585 1772 1911 1856 casumque
1952 1779 2146 1836 homi-

344 1888 511 1946 num,
566 1878 612 1935 si
654 1876 1008 1956 AEschylum
1056 1879 1281 1946 audieS‚
1324 1898 1402 1937 ex
1449 1899 1522 1937 eo
1558 1879 1940 1957 potissimum
1988 1878 2144 1947 oriri,

347 1976 508 2053 quod
564 1996 637 2035 ea
682 1996 814 2054 quae
866 1978 1134 2035 maxime
1194 1979 1539 2055 pertineant
1583 1979 1657 2037 ad
1708 1978 2144 2056 perfectionem

345 2074 529 2133 divini
568 2066 857 2134 Numinis
888 2096 1011 2135 non
1040 2078 1103 2134 in
1133 2089 1256 2135 uno
1286 2077 1673 2136 inveniantur
1695 2078 1915 2145 omnia,
1939 2076 2045 2135 sed
2069 2076 2146 2134 de

343 2174 682 2233 coelestium
712 2193 966 2233 numero
995 2176 1149 2235 alius
1181 2174 1453 2235 bonitate
1485 2176 1767 2246 excellat,
1808 2175 1961 2234 alius
1992 2175 2146 2252 sapi-

345 2274 526 2343 entia,
558 2274 727 2344 alius,
763 2274 1063 2354 (intelligo
1100 2274 1142 2333 J
1146 2292 1322 2333 ovem
1358 2276 1529 2333 illum
1562 2292 1771 2334 recens
1804 2275 2139 2351 victorem,)

345 2377 651 2450 potestate
700 2374 827 2433 sola
874 2375 1170 2432 immensa
1207 2381 1391 2451 atque
1430 2374 1682 2432 infinita.
1777 2373 1995 2450 Itaque
2045 2372 2141 2431 vel

342 2473 517 2531 initio
565 2474 862 2551 poematis
923 2474 1179 2531 duarum
1239 2474 1405 2550 quasi
1467 2474 1731 2551 partium
1775 2473 1845 2531 fit
1889 2473 2139 2540 menti0,

341 2586 596 2651 quarum
645 2575 722 2633 ad
759 2574 1116 2634 alterutram
1163 2575 1415 2651 quisque
1456 2592 1519 2632 se
1562 2574 1853 2652 adjungat
1894 2593 2141 2632 necesse

343 2679 454 2743 est,
498 2672 670 2733 Jovis
708 2673 992 2732 videlicet
1034 2680 1098 2731 et
1139 2673 1474 2731 hominum.
1578 2673 1743 2731 Nam
1786 2674 1901 2731 isto
1952 2673 2160 2731 ferme

341 2780 552 2832 tenore
581 2780 743 2844 sunt,
767 2774 985 2850 quibus
1008 2769 1349 2854 προλογίζει
1383 2773 1632 2831 nuntius
1663 2773 1799 2831 irati
1833 2771 2162 2831 Numinis.⁴

341 2871 455 2930 Ait
485 2873 789 2942 nimirum,
822 2891 1028 2950 poenas
1060 2873 1201 2930 dare
1234 2871 1603 2930 Promethea
1615 2880 1660 2939 ¹¹,

705 3006 763 3051 ὦς
783 3004 836 3049 ἂν
857 3004 1044 3063 διδάχθῃ
1066 3003 1144 3061 τὴν
1166 3005 1270 3051 Διὸς
1285 3003 1516 3062 τυραννίδα

702 3077 920 3137 στέργειν,
942 3078 1264 3137 φιλανθρώπου
1284 3078 1332 3122 δέ
1353 3077 1572 3123 παυέσθαι
1593 3079 1774 3136 τρόπου.

427 3185 719 3255 Queritur
747 3183 971 3260 alioqui
1003 3181 1406 3241 Prometheus
1435 3184 1618 3260 ipse¹‚

699 3307 736 3352 δ’
761 3306 797 3352 δ’
821 3306 898 3352 οὖν
919 3305 1113 3365 ἐρωτᾶτ’,
1135 3306 1278 3351 αἰτίαν
1297 3305 1390 3351 καθ’
1413 3306 1465 3364 ἥν
1485 3325 1583 3352 τινα

700 3381 909 3438 αἰκίζεταί
927 3400 997 3439 με,
1021 3384 1152 3426 τοῦτο
1174 3380 1226 3438 δὴ
1249 3381 1471 3439 σαφηνιῶ.

698 3455 817 3502 ὅπως
837 3456 1029 3515 τάχιστα
1050 3456 1127 3500 τὸν
1146 3457 1351 3515 πατρῷον
1373 3454 1417 3501 ἐς
1438 3453 1595 3512 θρόνον

701 3528 907 3584 καθέζετ’,
930 3528 1058 3574 εὐθὺς
1079 3529 1285 3586 δαίμοσιν
1307 3529 1422 3586 νέμει
1443 3527 1553 3586 γε’ρα

636 3681 655 3698 “
688 3674 838 3718 Prom.
867 3687 935 3717 10.
1525 3678 1551 3701 x
1581 3670 1697 3715 Ibid.
1725 3684 1826 3728 234·
