2320 4126
366 266 440 321 70
888 268 980 322 Vis
998 267 1202 322 Ironiae
1225 269 1286 321 in
1312 267 1455 338 Stybi
1480 266 1660 332 colore,
1928 286 2091 322 PRAEL.
2115 286 2167 320 v.

369 421 480 474 est.
572 413 720 474 Non
763 435 898 475 raro
935 416 1158 485 evenit,
1199 421 1270 474 ut
1308 415 1411 492 qui
1447 414 1832 473 acerbissime
1876 414 2168 484 omnium,

364 516 602 576 afflictis
652 517 1029 595 perditisque
1079 516 1276 584 rebUS,
1325 514 1683 584 moerebant,
1734 513 1922 572 iidem
1969 512 2169 571 verbis

365 617 661 695 coeperint
709 617 923 695 nugari
981 636 1052 674 ac
1104 615 1332 674 ludere.
1423 614 1588 685 Quid
1640 614 1806 673 enim
1856 613 2168 673 facerent?

367 716 665 776 aestuabat

1519 797 1579 821 «-
1709 811 1731 841 s

668 871 771 918 Imo
792 872 841 918 in
863 871 999 918 corde
1019 870 1186 931 pudor,
1207 870 1443 932 mixtoque
1465 811 1843 917 insaiiligellillctuss'

359 993 434 1052 Id
478 1013 514 1053 e
559 994 687 1054 vita
732 994 798 1052 in
844 1012 1106 1064 scenam,
1153 1012 1262 1051 suo
1305 1011 1493 1061 more,
1538 990 1984 1051 transtulerunt
2022 990 2169 1050 Tra-

357 1093 555 1172 goedi:
616 1113 736 1170 quo
783 1112 907 1151 non
953 1093 1097 1151 satis
1148 1090 1485 1160 intellectO,
1533 1092 1808 1171 arguitur
1855 1090 2165 1149 interdum

360 1213 397 1252 a
447 1192 820 1251 nonnemine
878 1191 978 1250 vel
1038 1210 1313 1250 summus
1370 1191 1476 1250 ille
1537 1190 1793 1250 Naturae
1851 1191 2167 1267 interpres,

355 1291 683 1365 induxisse,
725 1291 828 1368 qui
879 1290 1096 1349 mediis
1140 1290 1204 1347 in
1246 1290 1528 1348 aerumnis
1582 1289 1801 1367 frigide
1847 1295 1912 1347 et
1955 1288 2166 1366 inepte

350 1390 724 1467 jocarentur.

448 1487 674 1566 Neque
714 1507 858 1547 vero
902 1487 1303 1547 moerentibus
1339 1488 1559 1562 solum,
1591 1494 1698 1548 aut
1739 1486 1941 1564 aliquo
1981 1485 2165 1544 modo

357 1588 625 1667 graviter
660 1588 1002 1656 commotis,
1033 1587 1214 1647 fictus
1254 1587 1358 1646 ille
1389 1589 1559 1665 quasi
1599 1588 1766 1646 lusus
1807 1586 2164 1655 conveniet3

357 1687 464 1747 sed
523 1687 587 1744 in
638 1686 1004 1764 gravissimis
1056 1707 1298 1764 quoque
1356 1688 1536 1746 rebus
1595 1704 2031 1762 nonnunquam
2092 1703 2165 1742 eo

357 1793 500 1845 sunt
530 1787 640 1856 usi,
672 1786 776 1863 qui
808 1804 948 1844 suos
990 1787 1369 1844 severissime
1398 1785 1948 1846 monitosvellent.
2039 1784 2165 1862 Ipsi

355 1883 503 1942 talia
550 1903 673 1942 non
722 1902 1019 1960 sprevere,
1058 1904 1198 1942 cum
1243 1885 1514 1943 maxime
1553 1884 1672 1943 Dei
1719 1903 1962 1943 causam
2005 1884 2167 1941 dice-

354 1990 529 2052 rent,
563 1983 915 2060 animasque
975 1984 1051 2041 ad
1112 1984 1410 2060 pietatem
1469 1991 1841 2053 revocarent,
1896 1983 2047 2041 sacri
2094 2002 2165 2040 ac

358 2082 591 2140 fatidici
616 2081 831 2142 Vates,
922 2081 1141 2142 Veluti
1185 2083 1249 2140 in
1288 2082 1473 2140 Libro
1509 2082 1769 2160 Regum,
1806 2083 2167 2140 fortissimus

355 2181 460 2240 ille
482 2180 785 2240 Michaias
806 2181 990 2240 iterat
1020 2180 1184 2239 ultro
1207 2181 1474 2240 mendax
1503 2181 1871 2240 hariolorum
1903 2200 2164 2250 carmen,

355 2298 476 2355 quo
514 2275 844 2336 Achabum
893 2278 957 2335 in
1009 2277 1192 2356 Syros
1237 2278 1415 2337 dictis
1460 2278 1714 2337 incitare
1759 2278 2052 2347 videatur,
2099 2296 2164 2335 re

355 2373 736 2436 deterreath:

599 2506 632 2527 “
654 2502 724 2547 Ite
746 2501 906 2561 signis,
928 2501 989 2547 ite
1009 2502 1188 2556 faustis,
1208 2502 1370 2547 Gilead
1394 2502 1535 2547 Israel
1556 2508 1693 2561 petat,

650 2576 789 2621 Ultor
808 2577 858 2621 in
879 2591 1045 2621 manus
1068 2575 1247 2622 Achabi
1268 2576 1417 2623 tradet
1437 2577 1629 2622 invictas
1653 2576 1834 2621 Deus.''

356 2699 557 2757 Immo
626 2699 852 2758 diserta
918 2719 1040 2756 vox
1114 2705 1208 2757 est
1266 2698 1535 2767 Jehovae‚
1596 2697 1891 2776 populum
1966 2714 2162 2764 suum,

306 2792 313 2798 ’
354 2799 661 2878 ingratum
693 2798 944 2867 scilicet,
976 2818 1012 2855 a
1053 2816 1116 2856 se
1158 2799 1235 2856 ad
1265 2799 1534 2876 impuros
1564 2799 1716 2856 ritus
1747 2795 2160 2856 amandantis:

597 2923 710 2977 Vos,
736 2921 779 2967 O
803 2922 986 2967 Domus
1005 2921 1160 2974 Israel,

597 2997 766 3050 audite,
789 3011 894 3056 quae
917 2996 1026 3040 dicit
1047 2995 1280 3040 Dominus
1304 2995 1461 3040 Deus:

597 3070 779 3128 Singuli
799 3073 905 3128 post
925 3069 1049 3114 idola
1068 3075 1220 3114 vestra
1240 3069 1486 3122 ambulate,

595 3151 640 3188 et
661 3143 824 3189 servite
844 3143 928 3197 iis3

593 3225 728 3277 atque
749 3217 885 3262 etiam
903 3216 1114 3275 posthac,
1138 3216 1356 3276 quoniam
1379 3216 1459 3260 Me
1480 3231 1576 3260 non
1597 3215 1791 3261 audietis
1810 3234 1820 3261 z

597 3292 678 3337 sed
698 3306 757 3336 ne
778 3291 993 3350 polluatis
1014 3292 1136 3335 ultra
1157 3290 1341 3335 Nomen
1364 3290 1527 3335 Meum
1550 3297 1761 3335 sanctum

593 3367 643 3411 in
662 3365 934 3412 muneribus
955 3365 1135 3418 vestris,
1159 3371 1204 3410 et
1223 3365 1274 3409 in
1294 3364 1429 3410 idolis
1449 3365 1612 3410 vestris
1625 3363 1651 3409 ἱ.

441 3498 595 3558 Haec
625 3499 804 3576 plane
834 3505 899 3557 et
928 3499 1169 3576 proprie
1205 3495 1468 3579 εἷρωνικά.
1558 3496 1733 3556 Alias
1763 3497 1948 3555 verbo
1979 3503 2158 3555 tenus

353 3594 600 3665 luditur,
647 3600 711 3653 et
755 3613 1042 3653 sonorum
1082 3593 1510 3653 similitudines
1551 3601 1905 3671 captantur:
1955 3592 2158 3670 qualia

654 3706 675 3732 ¹¹
711 3719 731 3751 1
759 3705 873 3766 Reg.
896 3705 1004 3751 xxii.
1025 3715 1097 3762 15.
1443 3702 1453 3730 ³
1486 3704 1653 3750 Ezech.
1676 3721 1752 3749 xx.
1777 3719 1851 3764 39.
