2320 4126
315 227 425 278 356
658 225 898 279 Nauticus
922 225 1162 295 quaedam
1187 224 1246 276 in
1271 225 1663 294 Ayamemmme.
1851 240 2009 273 PRAEL.
2023 241 2111 273 xx.

678 366 944 426 χαμαιπετές
962 368 1109 423 βόαμα
1129 364 1386 424 προσχάνης
1408 365 1517 422 ἐμοί·

679 439 778 498 μήδ’
800 439 950 498 εἵμασι
973 438 1204 497 στρώσασ’
1229 438 1473 498 ἐπίφθονον
1493 440 1632 497 πόρον

681 514 806 558 τίθει·
842 512 968 559 θεούς
988 531 1056 556 τοι
1077 513 1230 557 τοῖσδε
1253 514 1491 572 τιμαλφεῖν
1511 514 1667 572 χρεών.

683 588 729 632 ἐν
748 587 967 632 ποικίλοις
987 586 1036 630 δὲ
1059 586 1216 643 θνητὸν
1236 584 1341 631 ὄντα
1363 585 1551 631 κάλλεσι

682 661 865 715 βαίνειν,
888 661 985 718 ἐμοὶ
1004 660 1084 718 μὲν
1105 661 1304 719 οὐδαμῶς
1324 660 1426 706 ἄνευ
1446 662 1613 720 φόβου.

682 736 801 795 λέγω
822 734 912 780 κατ’
936 735 1088 794 ἄνδρα,
1111 735 1169 793 μὴ
1193 735 1309 788 θεὸν,
1333 735 1486 790 σέβειν
1506 734 1597 793 ἐμέ.

328 841 547 917 Ecquis
579 840 835 909 dubitet,
871 839 1076 899 Poetae
1113 842 1176 898 in
1215 841 1417 899 animo
1459 839 1662 911 fuisse,
1693 859 1813 916 quo
1845 846 2118 916 tempore

320 940 436 997 ista
479 939 798 1009 scribebat,
829 939 1156 998 infaustam
1197 939 1425 997 Xerxis
1457 946 1520 997 et
1558 947 1929 1016 satraparum
1962 959 2120 996 arro-

321 1038 592 1117 gantiam
615 1037 639 1096 ’ἐ

409 1135 685 1195 Acutum
718 1143 782 1194 et
812 1136 984 1207 illud,
1015 1138 1176 1214 quod
1209 1137 1607 1215 interroganti
1640 1137 1815 1194 uxori
1841 1133 1889 1204 b,

686 1275 731 1320 τί
751 1274 789 1320 δ’
812 1275 865 1321 ἂν
887 1276 1007 1320 δοκεῖ
1029 1294 1104 1321 σοι
1127 1275 1342 1333 Πρίαμος,
1367 1274 1405 1318 εἶ
1420 1273 1510 1319 τάδ’
1534 1277 1695 1332 ἤνυσεν
1715 1291 1728 1326 ;

321 1394 409 1452 ita
432 1395 757 1472 respondet
787 1392 1235 1473 Agamemnon,
1267 1403 1338 1452 ut
1378 1394 1564 1452 tacite
1605 1394 1801 1452 studia
1834 1401 1897 1450 et
1926 1411 2125 1449 mores

323 1514 567 1553 suorum
601 1514 739 1553 cum
774 1494 1112 1553 Barbaricis
1144 1493 1417 1552 conferre
1448 1494 1762 1552 videatur:

692 1626 739 1671 ἐν
757 1625 979 1672 ποικίλοις
999 1625 1053 1670 ἂν
1073 1624 1210 1685 κάρτα
1229 1644 1304 1684 μοι
1324 1627 1454 1682 βῆναι
1477 1625 1608 1669 δοκεῖ.

324 1738 490 1809 Quid
526 1738 768 1797 multa?
838 1739 941 1815 qui
988 1738 1100 1796 sibi
1138 1737 1486 1816 perodiosos
1526 1737 1653 1795 fore
1689 1744 2128 1795 monstraverat

323 1837 386 1895 in
419 1835 789 1896 Prometheo
813 1836 1139 1915 Tyrannos‚
1164 1838 1228 1894 in
1261 1836 1460 1895 Persis
1484 1835 1887 1894 Barbarorum
1918 1854 2126 1913 genuS‚

324 1938 373 1995 is
420 1937 656 2015 insigne
708 1943 772 1995 et
825 1937 974 2016 regii
1029 1944 1092 1995 et
1147 1935 1454 1995 Hellenici
1508 1936 1769 1994 nominis
1817 1934 2130 2013 exemplar

326 2055 457 2094 esse
488 2034 956 2114 Agamemnona
987 2056 1164 2095 suum
1197 2036 1406 2094 voluit.

413 2134 578 2197 Illud
630 2136 817 2194 etiam
877 2156 999 2194 non
1052 2137 1258 2213 inepte
1304 2154 1500 2212 neque
1545 2134 1873 2211 injucunde
1933 2133 2128 2191 notari

327 2234 601 2304 arbitror,
648 2235 810 2311 quod
862 2236 965 2311 qui
1016 2234 1323 2294 Salamine
1374 2254 1497 2292 non
1545 2234 1675 2292 sine
1721 2233 1921 2313 gloria
1958 2232 2134 2290 dimi-

327 2343 587 2404 caverat,
633 2336 822 2392 immo
886 2335 1072 2393 etiam
1135 2353 1403 2413 pugnam
1469 2334 1647 2392 istam
1708 2331 2133 2391 nobilitaverat

328 2444 485 2492 unus
526 2435 800 2497 omnium
844 2435 1114 2492 maxime
1159 2433 1524 2491 carminibus
1569 2433 1707 2501 suis,
1752 2433 1802 2490 is
1847 2430 2135 2490 senilibus

331 2554 572 2611 quoque
632 2535 790 2593 curis
849 2533 1198 2611 insperserit
1258 2533 1430 2612 signa
1501 2552 1623 2590 non
1683 2532 1866 2590 dubia
1937 2551 2134 2609 neque

328 2634 658 2692 mediocria
704 2634 892 2692 animi
923 2635 985 2691 in
1031 2653 1159 2690 rem
1197 2634 1506 2691 nauticam
1541 2633 1838 2709 propensi,
1871 2639 1934 2690 et
1979 2631 2135 2690 bene

330 2733 607 2792 callentis
656 2754 791 2792 eam
840 2733 1173 2811 praesertim
1218 2732 1519 2790 militiam.
1634 2731 1948 2809 Ejusmodi
1995 2740 2135 2790 sunt

331 2843 467 2893 tum
493 2853 584 2903 ea,
605 2854 739 2911 quae
770 2835 1112 2912 significant
1144 2832 1391 2892 oculum
1414 2852 1666 2911 gnarum
1702 2838 2137 2909 tempestatum

332 2942 395 2992 et
426 2933 762 2993 calamitosi
795 2933 1101 3004 Oceani03

692 3060 867 3116 ὁρῶμεν
888 3057 1080 3103 ἀνθοῦν
1099 3057 1297 3118 πέλαγος
1319 3059 1501 3118 Αἰγαῖον
1521 3059 1689 3117 νεκροῖς

697 3131 868 3192 ἀνδρῶν
887 3131 1097 3192 Ἀχαιῶν,
1119 3138 1331 3178 ναυτικῶν
1351 3132 1388 3178 τ’
1409 3133 1623 3190 ἐρειπιών·

335 3246 469 3296 tum
500 3237 720 3315 quibus
752 3237 1123 3296 Eumenides
1154 3245 1381 3296 canunt
1411 3237 1618 3315 plagas
1647 3238 1988 3315 impiorum,
2014 3238 2139 3297 vel-

338 3338 428 3395 uti
462 3356 601 3395 cum
634 3337 912 3415 procellis
943 3336 1322 3415 scopulisque
1352 3337 1570 3395 misere
1600 3336 2076 3396 conflictantium
2090 3333 2140 3403 ‘¹;

699 3461 776 3505 τὸν
795 3460 1060 3519 ἀντίτολμον
1081 3461 1131 3505 δὲ
1152 3461 1269 3520 φαμὶ
1290 3460 1585 3520 παραιβάδαν,

700 3536 754 3586 τὰ
774 3536 926 3579 πολλὰ
946 3537 1225 3594 παντόφυρτ.
1244 3570 1254 3581 .
1277 3570 1285 3580 .
1305 3570 1316 3581 .
1332 3534 1433 3580 ἄνευ
1457 3535 1593 3592 δίκης,

475 3672 498 3702 b
531 3673 687 3729 Ayam.
712 3676 815 3731 908.
1107 3683 1126 3705 ⁰
1159 3675 1273 3720 Ibid.
1298 3675 1401 3730 642.
1697 3674 1714 3700 ‘¹
1748 3674 1875 3718 Eum.
1901 3674 2004 3731 556.
