2320 4126
91 270 248 308 Palm,
266 274 375 307 xw.
462 269 720 306 mansuras
747 259 792 303 et
817 247 1237 302 narratiunculas
1263 240 1513 298 adhibere.
1742 240 1853 298 227

92 395 403 473 Agrestius
445 395 637 472 plane,
669 410 846 469 quam
891 387 1252 455 concinniUS,
1282 383 1440 443 haud
1484 403 1674 461 pauca
1716 403 1848 441 nar-

89 491 201 547 rari
232 491 458 556 videtis,
488 490 732 546 minime
763 488 838 545 ad
869 506 995 544 rem
1024 487 1211 561 ipsam
1240 481 1618 558 pertinentia.

175 586 449 643 Infinitus
479 605 685 652 essem,
717 585 765 642 si
798 583 996 641 omnia
1025 597 1422 657 congererem,
1443 597 1578 653 quae
1601 578 1662 633 in
1691 576 1845 632 hanc

90 689 317 758 partem
390 681 634 757 proferri
705 687 978 755 possent:
1053 677 1148 735 vel
1219 676 1358 751 quia
1423 693 1543 730 non
1607 678 1847 729 veretur

91 778 338 851 scriptor
393 776 679 833 molestus
736 776 883 843 fieri,
934 774 1243 850 epularum
1292 769 1662 828 mentionem
1718 775 1844 825 tam

88 873 352 929 crebram
380 872 715 947 injiciendO,
747 867 1016 946 repetitis
1043 870 1255 926 iisdem
1286 867 1409 923 fere
1438 863 1666 923 verbis:

322 1007 362 1049 οἱ
382 1004 419 1050 δ’
442 1005 506 1051 ἐπ’
529 1004 681 1051 ὅνειαθ
706 1007 853 1063 ἑτοῖμα
871 1004 1128 1063 προκείμενα
1148 1005 1297 1060 χεῖρας
1315 996 1485 1046 ἴαλλον.

90 1139 152 1185 et
198 1148 332 1204 quae
390 1128 604 1186 similia
661 1127 886 1185 centies
934 1132 1292 1183 occurrunt:
1359 1124 1455 1181 vel
1509 1124 1648 1198 quia
1705 1140 1842 1179 cum

87 1223 297 1298 bajulis
340 1224 540 1292 etiam,
586 1230 648 1280 et
691 1242 827 1280 cum
874 1223 1034 1280 omni
1079 1240 1295 1298 genere
1337 1235 1668 1295 operarum,
1714 1235 1845 1274 sen-

87 1321 200 1376 tire
230 1321 377 1376 adeo
408 1339 470 1376 se
500 1339 618 1376 non
649 1319 959 1395 indignum
999 1324 1186 1393 putat,
1218 1323 1286 1372 ut
1325 1334 1402 1372 ex
1438 1333 1643 1371 eorum
1684 1333 1845 1370 com-

87 1417 304 1473 mentis
334 1417 544 1492 saepius
583 1422 816 1473 enarret
857 1434 948 1471 res
991 1422 1170 1489 atque
1214 1413 1488 1489 effingat:
1534 1410 1708 1486 quale
1752 1416 1843 1466 est

88 1512 236 1570 illud
266 1514 421 1589 apud
454 1513 902 1590 Laestrygonas&
921 1536 932 1568 :

323 1648 425 1694 ἔνθα
445 1648 479 1693 κ’
502 1648 662 1694 afim-vos·
681 1648 786 1707 ἀνὴρ
808 1648 949 1693 δοιοὺς
970 1647 1152 1705 εξὴρατο
1171 1646 1369 1703 μισθοὺς,

323 1723 398 1766 τὸν
415 1722 509 1778 μὲν,
529 1721 792 1774 βουκολέων,
815 1722 890 1764 τὸν
910 1719 946 1763 δ’
970 1719 1148 1778 αργυφα
1167 1722 1284 1776 μῆλα
1304 1717 1504 1773 νομεύων,

321 1795 450 1853 ἐγγὺς
469 1795 554 1853 γὰρ
575 1795 723 1839 νυκτός
744 1812 791 1838 τε
812 1793 879 1836 καὶ
900 1794 1060 1849 ἤματός
1081 1792 1166 1836 εἶσι
1187 1791 1401 1835 κελευθοι

88 1916 619 1985 Οὸεοητίοῐᾶβιιῃπ
654 1915 800 1982 haec,
831 1916 1062 1990 perdita
1092 1915 1244 1970 forte
1274 1913 1491 1969 veteris
1532 1912 1837 1986 cujusdam

87 2013 299 2070 fabulae
357 2013 655 2069 memoria.
743 2012 1000 2068 Tantum
1058 2011 1207 2068 illud
1259 2011 1414 2067 clare
1465 2008 1837 2085 intelligitur,

85 2111 344 2186 cogit-are
376 2109 624 2166 Poetam
656 2109 729 2166 de
759 2108 1082 2185 longinqua
1110 2108 1308 2183 aliqua
1336 2107 1595 2183 regione,
1620 2125 1655 2161 a
1678 2105 1839 2161 Cim-

84 2206 280 2261 meriis
331 2205 449 2262 suis
505 2206 663 2262 haud
715 2204 919 2280 procul
966 2205 1213 2261 fortasse
1271 2204 1507 2270 dissita3
1574 2221 1703 2276 quae
1762 2220 1837 2257 ex

81 2303 308 2359 ratione
368 2303 581 2359 veteris
639 2303 763 2377 ejus
820 2302 1074 2378 physicae
1122 2307 1328 2377 tangat
1385 2318 1619 2375 prorsus
1671 2305 1838 2355 tene-

82 2396 318 2453 brarum
347 2417 415 2454 ac
445 2398 592 2454 lucis
623 2398 891 2455 confinia.
982 2397 1070 2454 Ea
1098 2397 1353 2454 narratio
1390 2415 1528 2452 cum
1567 2394 1838 2470 proxime

85 2492 236 2549 absit
280 2512 315 2549 a
357 2493 723 2550 sanctissimo
754 2495 1011 2568 quodam
1049 2493 1304 2560 horrore,
1334 2493 1582 2548 miretur
1609 2490 1838 2566 aliquis,

86 2607 190 2644 cur
235 2608 366 2645 eam
424 2590 691 2647 absolvat
742 2589 1041 2647 Homerus
1084 2609 1249 2646 more
1293 2608 1497 2646 eorum
1541 2588 1642 2663 qui
1686 2607 1840 2644 mer-

83 2685 227 2741 cede
257 2686 684 2742 conducuntur.
731 2685 978 2751 Verum,
1010 2694 1077 2742 ut
1109 2686 1329 2760 opinor,
1359 2685 1557 2740 mirari
1589 2684 1835 2753 desinet,

82 2780 342 2855 quisquis
399 2782 582 2855 probe
640 2781 818 2838 callet
877 2800 1176 2838 sermones
1242 2788 1304 2838 et
1376 2780 1626 2837 circulos
1692 2799 1836 2856 pau-

85 2893 311 2950 perum.

166 2971 449 3047 Ejusdem
498 2972 672 3048 plane
723 2981 861 3031 sunt
907 2976 1257 3051 argumenti,
1303 2994 1432 3050 quae
1475 2973 1729 3050 plurima
1771 2972 1834 3029 in

78 3076 329 3144 utroque
379 3071 636 3128 carmine
687 3078 897 3146 sponte
955 3091 1061 3130 sua
1116 3071 1452 3148 legentibus
1502 3076 1829 3137 occurrent,

79 3171 112 3196 ‘⁴
139 3165 369 3240 gaudia,
432 3165 773 3234 discursus,'’
831 3168 946 3233 irae,
1006 3175 1161 3236 vota,
1221 3168 1437 3242 passim
1501 3172 1831 3242 egestatem

78 3259 420 3325 redolentia,
479 3269 862 3337 mentemque
920 3261 1231 3338 plebeiam.
1321 3262 1483 3318 Hinc
1534 3261 1691 3318 mala
1740 3279 1832 3317 so-

78 3354 303 3410 ciorum
343 3354 641 3412 navalium
685 3357 954 3431 suspiciO,
998 3358 1212 3430 quibus
1255 3357 1481 3414 scilicet
1518 3356 1829 3432 indignum

795 3578 814 3603 ⁸
847 3570 937 3614 Od.
958 3587 1002 3615 x.
1025 3573 1097 3626 84.

909 3663 952 3709 Q
986 3666 1019 3702 2
