2320 4126
209 277 364 311 PRAEL.
390 276 498 309 x1v.
665 251 858 319 caverej
877 273 938 307 ne
963 256 1189 320 κειμηλία
1213 252 1500 308 noceantur.
1857 257 1963 307 9233

211 421 287 458 ne
351 400 503 455 forte
574 418 645 456 ea
715 399 1090 456 laederentur.
1206 397 1381 465 Quod
1441 403 1642 453 tamen
1694 396 1963 453 Homero

214 497 376 570 quasi
406 501 626 552 statum
651 503 741 553 est
770 515 838 553 ae
861 496 1140 553 solemne.
1201 493 1337 550 Hoc
1362 493 1586 550 scilieet
1609 494 1733 569 agit
1762 495 1965 569 regina

215 591 544 659 Phaeacum,
568 592 671 648 ubi
696 592 862 649 donis
892 592 1266 666 prosequitur
1287 589 1563 666 Ulyssem
1594 590 1961 647 abeuntems.

452 772 786 784 ............
800 738 958 797 Ἀρήτη
981 739 1106 797 ξείνῳ
1126 737 1392 795 περικαλλέα
1411 739 1550 795 χηλὸν

444 811 651 870 ἐξέφερεν
672 810 896 868 θαλάμοιο,
919 810 1025 854 τίθει
1047 809 1083 853 δ’
1107 811 1168 854 ἐνὶ
1189 811 1379 866 κάλλιμα
1399 810 1531 868 δῶρα.
1549 843 1559 855 .
1580 842 1590 854 .
1608 843 1618 855 .

442 884 512 927 καί
531 902 603 940 μιν
623 882 853 941 φωνήσασ’
875 884 979 927 ἔπεα
999 884 1231 940 πτερόεντα
1251 880 1495 939 προσὴυδα·

441 956 569 1001 αὐτὸς
589 958 663 1000 νῦν
682 955 747 999 ιδε
766 959 907 1011 πῶμα,
930 955 1040 1000 θοῶς
1060 954 1096 997 δ’
1120 954 1190 998 ἐπὶ
1212 954 1375 1011 δεσμὸν
1394 953 1533 1010 ἴηλον,

439 1025 563 1083 μήτις
583 1045 648 1070 τοι
670 1026 760 1070 καθ’
784 1026 884 1070 ὅδον
906 1025 1154 1082 δηλήσεται·
1164 1058 1498 1072 ............

442 1097 575 1142 αυτικ’
598 1097 782 1156 ἐπήρτυε
801 1103 942 1155 πῶμα,
965 1098 1075 1143 θοῶς
1096 1096 1132 1141 δ’
1156 1097 1226 1141 ἐπὶ
1247 1098 1410 1154 δεσμὸν
1428 1074 1549 1154 ἴηλεν

443 1169 654 1222 ποίκιλον,
678 1168 726 1214 ὅν
746 1169 855 1217 ποτέ
871 1188 944 1226 μιν
965 1169 1090 1213 δέδαε
1111 1169 1250 1227 φρέσι
1269 1171 1423 1214 πότνια
1445 1170 1595 1227 Κίρκη

209 1305 469 1363 Omnino
527 1306 749 1363 navalis
807 1314 934 1363 erat
995 1308 1236 1382 peritiae,
1295 1313 1364 1363 ut
1436 1326 1606 1363 suum
1667 1310 1962 1382 quendam

210 1403 430 1458 nodum
500 1402 761 1478 UlysseS,
827 1402 1247 1477 vinculumque
1318 1404 1541 1459 nemini
1614 1404 1963 1461 solvendum

206 1505 488 1562 nosceret.
577 1497 798 1554 Similis
829 1505 955 1555 erat
987 1499 1139 1574 regis
1167 1498 1407 1555 Alcinoi
1440 1499 1639 1556 curat-z

441 1660 510 1703 καὶ
531 1661 584 1704 τὰ
603 1660 682 1716 μὲν
702 1659 749 1707 εὖ
770 1659 968 1718 κατέθηχ’
993 1659 1106 1718 ἶέρον
1125 1660 1253 1718 μένος
1272 1660 1529 1714 Ἀλκινόοιο,

445 1733 573 1778 αὐτὸς
594 1733 681 1784 ἰὼν,
705 1733 774 1776 διὰ
795 1734 905 1788 νῆός,
927 1733 1011 1777 ὑπὸ
1034 1733 1154 1791 ζυγὰ,
1177 1732 1233 1789 μή
1255 1732 1331 1777 τιν’
1355 1734 1533 1791 ἐταίρων

441 1805 632 1855 βλάπτοι
652 1804 933 1855 ἐλαυνόντων,
956 1806 1085 1848 ὁποτὲ
1107 1804 1360 1863 σπερχοίατ’
1384 1806 1590 1864 ἐρετμοῖς.

213 1939 438 2003 Similis
471 1942 562 1998 vel
593 1943 772 2018 ipsius
804 1943 1158 2000 Minervaeu:

450 2123 843 2136 ..............
860 2091 937 2135 θεὰ
958 2091 1056 2135 δῦνε
1077 2091 1212 2137 σπέος
1231 2090 1444 2149 ἦεροειδὲς

442 2160 647 2218 μαιομένη
670 2161 912 2219 κευθμῶνας
931 2161 1011 2207 ἀνὰ
1032 2163 1180 2208 σπέος·
1213 2164 1347 2221 αὐτὰρ
1367 2163 1611 2213 Ὀδυσσεὺς

449 2231 594 2278 ἆσσον
613 2232 734 2278 πάντ’
759 2234 908 2293 ἐφόρει
928 2236 1099 2292 χρυσὸν
1119 2236 1188 2279 καὶ
1208 2235 1378 2294 ἀτειρέα
1398 2239 1578 2293 χαλκὸν,

445 2304 595 2362 εἵματα
614 2305 651 2350 τ’
673 2307 889 2362 εὐποίητα,
910 2308 964 2351 τὰ
984 2309 1024 2350 οἶ
1047 2307 1224 2364 Φαίηκες
1243 2309 1418 2352 ἔδωκαν·

499 2379 510 2395 ἱ
568 2379 578 2394 ἱ
648 2378 658 2393 ἱ
731 2377 751 2397 9
860 2379 873 2393 Ι
1060 2380 1070 2395 Ι
1239 2381 1250 2395 2
1292 2380 1305 2397 Ι
1466 2380 1478 2395 Ι

444 2396 514 2421 και
534 2397 587 2422 τα
605 2397 684 2436 μεν
704 2397 750 2422 ευ
771 2380 989 2436 κατεθηκε·
1021 2381 1147 2425 λιθον
1168 2379 1204 2424 δ’
1228 2381 1407 2437 επεθηκε
1428 2381 1612 2439 θυρῃσιν

444 2451 628 2496 Παλλὰς
643 2450 863 2508 Ἀθηναίη,
886 2451 1015 2511 κούρη
1038 2452 1141 2498 Διὸς
1160 2453 1388 2511 αἰγιόχοιο.

213 2586 347 2644 Nee
394 2587 566 2644 facile
613 2587 979 2654 crediderim,
1026 2587 1289 2662 potuisse
1335 2587 1536 2644 venire
1581 2588 1644 2649 in
1695 2595 1961 2646 mentem

211 2683 394 2739 cuivis
437 2682 788 2749 beatiorum,
833 2689 903 2739 ut
953 2682 1375 2745 Telemachum
1425 2683 1628 2758 patriae
1680 2686 1961 2760 cupidum

209 2777 430 2834 faceret
460 2797 577 2833 non
607 2778 784 2834 modo
814 2784 1054 2852 propter
1083 2795 1375 2836 summam
1404 2797 1618 2846 rerum,
1645 2780 1747 2836 sed
1781 2781 1962 2840 etiam

206 2893 282 2936 ne
313 2874 469 2956 quod
498 2893 574 2931 ex
603 2875 765 2950 regio
794 2874 1188 2931 instrumento
1218 2881 1491 2949 pereatx:

442 3020 658 3078 βούλομαι
680 3021 758 3077 ἤδη
780 3021 946 3065 νεῖσθαι
968 3019 1038 3079 ἐφ’
1060 3020 1244 3079 ἡμέτερ’·
1278 3022 1329 3065 οὐ
1349 3022 1433 3080 γὰρ
1455 3020 1638 3067 ὄπισθεν

441 3091 571 3150 οὖρον
591 3093 665 3137 ἷὼν
685 3092 936 3142 κατέλειπον
956 3092 1026 3137 ἐπὶ
1047 3094 1303 3138 κτεάτεσσιν
1324 3094 1506 3147 ἐμοῖσιν·

443 3164 500 3220 μὴ
521 3163 667 3221 πατέρ’
690 3164 883 3209 ἀντίθεον
903 3163 1121 3221 διζήμενος
1141 3166 1269 3218 αὐτὸς
1288 3165 1470 3222 ὄλωμαι,

439 3238 470 3291 ἥ
486 3236 529 3280 τί
546 3254 620 3292 μοι
641 3236 686 3280 ἐκ
706 3237 905 3294 μεγάρων
925 3235 1145 3293 κειμήλιον
1166 3236 1330 3281 ἐσθλὸν
1349 3236 1517 3292 ὄληται.

293 3370 487 3427 Immo
525 3372 721 3439 etiam,
753 3373 846 3429 vel
882 3373 1008 3448 ipso
1048 3373 1109 3428 in
1149 3372 1304 3430 nodo
1338 3372 1654 3442 Poematis,
1686 3375 1788 3432 ubi
1833 3377 1959 3434 erat

248 3579 271 3608 -S
303 3571 391 3616 Od.
413 3572 503 3617 viii.
526 3574 627 3630 438.
809 3576 820 3598 ‘
848 3575 969 3618 xxiii.
995 3589 1065 3619 20.
1246 3582 1264 3600 ¹¹
1294 3576 1384 3619 xiii.
1407 3576 1509 3633 366.
1690 3583 1709 3602 ¹
1738 3592 1810 3621 xv.
1833 3578 1906 3622 88.
