2320 4126
287 1358 879 1428 PRAELECTIO
929 1356 1320 1441 DECIMA
1371 1360 1776 1435 QUINTA.

162 1849 483 1894 Homericorum
523 1851 771 1903 carminum,
818 1851 1035 1908 Odysseiae
1067 1853 1328 1909 praesertim,
1367 1862 1586 1903 summam,
1629 1851 1688 1894 ad
1726 1851 1910 1895 crimina

216 1921 425 1966 divinitus
443 1923 689 1966 ulciscenda
700 1924 935 1980 pertinere.
977 1924 1095 1967 Hinc
1115 1924 1373 1968 creberrima
1392 1924 1699 1982 Pelopidarum
1719 1923 1876 1965 mentio
1892 1943 1904 1965 .-

218 1993 410 2036 vindicta
441 1994 488 2036 in
511 2009 673 2051 procos
703 1996 898 2052 asperior
911 2015 924 2038 .·
971 1995 1259 2038 Ithacensium
1291 1996 1438 2048 animi,
1469 2010 1554 2038 non
1585 1996 1677 2038 sine
1708 1994 1908 2045 Numine,

211 2066 380 2122 pacati.
453 2066 540 2122 Ayi
568 2067 687 2124 apud
711 2082 802 2110 eum
830 2072 1041 2123 proesente
1066 2067 1162 2110 Deo
1184 2067 1339 2118 omnia,
1374 2067 1588 2110 levissima
1615 2080 1805 2123 quoque.-
1839 2080 1910 2109 εω-

215 2138 419 2193 penditur
438 2138 620 2181 Horatii
639 2138 690 2181 de
714 2152 764 2181 ea
786 2153 835 2181 re
862 2144 1134 2195 praeceptum.
1195 2138 1283 2194 Ayi
1314 2144 1526 2194 praeterea
1556 2153 1649 2182 cam
1678 2137 1844 2194 pudore
1869 2143 1911 2179 et

218 2209 469 2260 reverentia,
495 2214 699 2266 tanquam
718 2215 761 2252 et
781 2209 898 2253 adsit
918 2210 1098 2261 Numen,
1120 2215 1162 2252 et
1182 2210 1316 2253 celari
1336 2210 1454 2254 velit.
1507 2210 1708 2253 Fortunae
1729 2209 1909 2266 denique

218 2284 261 2322 et
280 2279 389 2323 Fato
409 2280 531 2332 nihil,
554 2281 695 2324 omnia
715 2280 1034 2338 bonofortique
1052 2281 1194 2325 animo
1210 2281 1325 2325 dari.

317 2460 459 2521 UAE
512 2466 628 2522 duo
679 2466 863 2533 nobiS‚
911 2466 1277 2534 Academici,
1327 2463 1710 2521 Homericam
1756 2465 1908 2522 hano

353 2562 663 2618 materiem
732 2562 921 2636 primo
992 2561 1486 2637 aggredientibus,
1557 2561 1680 2616 veri
1744 2561 1905 2617 vide-

159 2654 375 2719 bantur
413 2673 538 2712 esse
578 2655 908 2724 simillima3
950 2657 1207 2731 primum
1238 2657 1312 2712 de
1350 2654 1600 2713 Homeri
1635 2674 1903 2731 persona,

161 2751 429 2807 extitisse
469 2751 706 2807 omnino
741 2769 927 2807 unum
966 2751 1339 2825 eundemque
1370 2750 1573 2807 Iliadis
1609 2758 1671 2807 et
1713 2750 1903 2826 Odys-

159 2845 291 2901 seiae
342 2846 720 2920 scriptorem3
779 2847 992 2902 deinde
1039 2847 1112 2903 de
1162 2853 1366 2902 mente
1412 2845 1677 2920 ejusdem
1723 2852 1903 2921 atque

157 2940 372 3008 indole,
402 2960 645 2998 aceensa
681 2941 856 3017 plane
898 2948 1077 3016 atque
1120 2941 1351 2998 ardenti
1400 2941 1462 2996 in
1507 2939 1755 2997 heroum
1804 2942 1904 2998 de-

156 3037 519 3111 perditorum
575 3037 956 3094 memoriam:
1029 3056 1099 3094 ea
1155 3055 1292 3094 oum
1350 3054 1518 3111 spero
1575 3054 1673 3091 me
1730 3055 1903 3111 argu-

157 3132 373 3187 mentis
405 3131 533 3205 jam
571 3138 710 3188 ante
747 3130 942 3188 allatis
979 3150 1099 3188 non
1141 3131 1353 3188 leviter
1395 3131 1562 3188 vobis
1608 3131 1899 3205 probasse,

157 3231 288 3282 tum
339 3232 499 3282 certe
541 3227 800 3282 maxime
843 3227 1171 3284 confimari
1209 3227 1381 3282 video
1425 3243 1520 3281 ex.
1545 3224 1615 3282 iis
1652 3243 1781 3298 quae
1824 3227 1897 3282 ad

159 3319 504 3395 religionem
566 3322 898 3395 pertinent:
974 3323 1047 3378 de
1105 3320 1317 3395 quibus
1374 3319 1551 3375 hodie
1611 3319 1899 3377 disseren-

160 3414 301 3470 dum
346 3415 474 3471 erit.

243 3507 553 3584 PrincipiO,
583 3509 862 3567 divinitus
891 3511 1323 3585 quodammodo
1352 3510 1575 3566 factum
1606 3516 1714 3576 est,
1740 3516 1807 3566 ut
1834 3510 1895 3566 in
1927 3527 1933 3532 ·
