2320 4126
304 199 415 251 350
565 197 834 251 Rectorem
857 197 1085 251 omnium
1110 198 1320 253 ameum
1344 197 1410 252 ab
1436 198 1673 269 AEsohylo
1806 216 1964 252 PRAEL.
1993 219 2103 252 xix.

390 340 491 398 Ad
526 358 844 410 summam,
878 361 1000 400 non
1031 343 1147 400 erit
1178 361 1286 400 cur
1323 342 1506 400 hodie
1551 342 1854 400 desideret
1893 341 2108 418 aliquis

304 439 401 498 vel
464 439 824 518 Pythagorae
889 439 983 498 vel
1053 440 1257 498 Ovidii
1326 439 1630 499 fabulam:
1707 438 2110 518 Pythagorica

302 545 511 596 tamen
554 536 843 614 AEsohylo
884 544 1092 594 nostro
1142 538 1238 612 (ut
1283 538 1360 595 ad
1401 556 1543 595 eum
1588 546 1965 596 revertamur
2003 538 2110 597 ali-

298 636 567 713 quando)
605 654 678 692 eo
719 642 886 692 certe
917 634 1212 711 profuisse
1258 636 1559 703 videntur,
1592 643 1661 694 ut
1699 636 1748 694 is
1778 637 2015 713 plenius
2046 643 2111 695 et

298 734 540 813 gravius
560 734 897 791 cantaverit
918 734 1044 792 sive
1068 734 1272 792 omina
1294 735 1419 793 sive
1442 735 1884 803 similitudineS,
1906 735 1955 793 si
1979 755 2111 811 quae

302 832 666 891 adhibendae
691 838 865 889 erant
885 832 961 890 de
990 832 1252 890 ferarum
1274 833 1544 891 moribus
1566 834 1908 909 aviumque.
1999 833 2112 891 Isti

305 937 472 988 certe
503 929 1062 1006 philosophantium
1094 930 1342 988 familiae
1373 930 1550 988 facile
1592 931 1953 1008 probaturus
1984 938 2113 989 erat

308 1027 629 1086 eonsilium
667 1047 862 1096 suum,
905 1029 1069 1104 quod
1108 1028 1420 1087 vulturum
1463 1048 1704 1106 quoque
1735 1036 1799 1087 et
1838 1029 2114 1106 leporum

306 1127 579 1185 fortunas
609 1128 673 1184 in
703 1127 1068 1203 prooemium
1098 1125 1604 1204 Agamemnoniae·
1635 1127 1821 1186 eladis
1852 1128 2099 1205 recepit.

394 1225 485 1282 Et
534 1224 831 1282 haetenus
879 1225 1125 1301 quidem
1170 1226 1359 1282 tacite
1404 1225 1562 1283 viam
1612 1226 1726 1284 sibi
1779 1227 1999 1284 muniit
2039 1228 2115 1285 ad

309 1341 515 1381 veram
552 1322 629 1380 de
675 1321 811 1380 Deo
858 1321 1124 1382 Vindice
1171 1323 1538 1400 opinionem.
1629 1322 1918 1381 Proximo
1963 1323 2115 1393 1000,

310 1421 520 1479 dedita
564 1440 748 1498 opera
791 1420 832 1479 J
836 1439 1014 1479 ovem
1059 1421 1304 1480 directis
1353 1422 1551 1480 verbis
1597 1423 1871 1499 agnoseit
1915 1440 2118 1479 rerum

310 1519 585 1577 omnium
636 1519 1125 1597 gubernatorem,
1177 1519 1362 1596 idque
1407 1538 1486 1577 ex
1553 1539 1764 1578 norma
1823 1526 2118 1578 accuratae

301 1618 561 1695 justitiae
580 1626 620 1676 Υ.

677 1716 800 1767 Ζεῦς,
824 1711 955 1759 ὅστις
976 1711 1074 1758 ποτ’
1099 1712 1238 1766 ἐστὶν,
1262 1712 1301 1757 εἶ
1317 1711 1407 1758 τόδ’
1425 1713 1510 1758 αὐ-

675 1789 738 1848 τῷ
763 1788 903 1846 φιλὸν
925 1786 1190 1847 κεκλημένῳ,

676 1862 808 1906 τοῦτό
829 1879 894 1906 νιν
913 1859 1215 1920 προσεννέπω·

679 1935 759 1979 οὐκ
782 1935 872 1994 ἔχω
893 1935 1207 1993 προσεικάσαι,

677 2008 802 2054 πάντ’
826 2008 1215 2067 ἐπισταθμωμένος

679 2082 800 2140 πλὴν
822 2083 941 2135 Διὸς,
965 2082 1003 2126 εἶ
1023 2082 1075 2127 τὸ
1096 2083 1237 2140 μάταν
1257 2081 1344 2127 ἀπὸ
1367 2082 1608 2141 φρόντιδος
1628 2081 1767 2141 ὄχθος

684 2158 772 2214 χρῆ
794 2158 955 2210 βαλεῖν
975 2154 1212 2213 ἐτητύμως.

412 2272 536 2331 Hie
582 2270 746 2330 soleo
796 2270 1020 2340 mirari,
1069 2289 1189 2346 quo
1235 2270 1484 2328 tandem
1531 2270 1657 2328 fato
1702 2271 2008 2339 acciderit,
2052 2278 2123 2329 ut

318 2371 594 2431 crederet
645 2370 737 2426 vir
788 2369 1021 2437 doctuS,
1067 2367 1424 2445 AEsohylum
1471 2369 1736 2444 pendere
1788 2369 1991 2435 animi,
2046 2370 2123 2427 de

317 2470 565 2527 nomine
625 2466 753 2526 solo
811 2467 1081 2535 anxium,
1141 2485 1262 2542 quo
1324 2467 1545 2525 debeat
1604 2466 1869 2524 invocari
1930 2465 2120 2525 DeuS.

321 2569 545 2627 Fateor
584 2566 888 2643 equidem,
935 2564 1289 2642 saepiuscule
1334 2566 1497 2642 apud
1543 2571 1780 2624 veteres
1811 2585 2123 2624 occurrere

319 2666 491 2725 velut
537 2663 826 2723 formulas
875 2663 1328 2721 dubitationum
1373 2663 1688 2740 ejusmodi.
1780 2663 1903 2722 Sed
1947 2672 2018 2722 ut
2061 2665 2122 2722 in

319 2767 392 2824 iis
444 2764 617 2823 tarde
669 2764 839 2830 ade0,
887 2781 967 2819 ne
1020 2761 1219 2820 dicam
1270 2763 1496 2839 inepte,
1543 2770 1816 2820 versetur
1866 2781 2123 2831 carmen,

319 2864 382 2921 id
412 2882 536 2920 non
571 2868 702 2920 erat
730 2860 1047 2939 gravitatis
1077 2860 1452 2938 AEsehyleae;
1507 2859 1863 2937 Euripidem
1908 2859 2126 2918 melius

323 2961 613 3027 decuerit,
645 2966 752 3017 aut
783 2957 1093 3017 Ovidium.

439 3058 760 3126 Praeterea,
820 3075 962 3114 oum
1021 3076 1094 3113 ea
1152 3056 1385 3114 ratione
1446 3075 1567 3113 non
1626 3055 1783 3113 bene
1842 3055 2127 3114 convenit

322 3153 568 3233 reliquae
599 3154 923 3213 sententiae
954 3160 1147 3212 tenor.
1238 3152 1571 3231 Pergamus
1601 3154 1784 3211 enim.

687 3290 778 3336 οὔδ’
802 3290 929 3336 ὅστις
942 3290 1153 3349 πάροιθεν
1168 3288 1220 3346 ἧν
1234 3289 1385 3349 μέγας,

683 3365 907 3426 παμμάχῳ
928 3364 1085 3423 θράσει
1105 3362 1271 3421 βρύων,

687 3438 815 3483 οὐδὲν
835 3438 888 3483 ἂν
908 3437 1037 3495 λεξαὶ
1057 3437 1162 3494 πρὶν
1184 3435 1261 3481 ὤν·

1054 3594 1068 3612 ¹
1098 3587 1254 3644 Ayam.
1282 3596 1381 3662 155.
