2320 4126
146 293 311 326 Arnim.
333 291 400 322 vl.
503 270 729 321 Iliadem
753 268 918 320 deberi
941 269 1184 319 desiderio
1209 268 1287 319 rei
1311 268 1559 318 Heroicoe.
1840 271 1906 319 81

156 418 386 477 actione
426 415 745 471 consistere
790 413 1057 487 putavit3
1102 428 1297 483 neque
1336 408 1509 464 facile
1548 427 1901 483 quenquam,

138 520 222 569 -ut
246 513 493 576 videtur,
524 516 734 585 praeter
757 508 1090 563 Homerum
1115 525 1182 562 ac
1205 505 1522 580 Tragoedos
1541 502 1796 571 Atticos,
1829 525 1904 560 ne

155 608 391 663 nomine
422 606 659 680 quidem
691 611 864 659 tenus
896 603 1218 658 Poetarum
1250 601 1549 656 ordinibus
1580 601 1907 674 adscripsit.

159 702 301 768 Nos,
343 703 441 775 qui
490 700 798 756 Lucretios
850 706 911 754 et
953 697 1254 773 Virgilios,
1310 697 1408 767 (ne
1461 697 1652 752 dicam
1703 716 1906 753 recen-

155 798 346 870 tiora,)
383 797 668 861 novimus,
700 796 784 850 ita
823 794 1037 849 summi
1068 794 1175 848 viri
1209 793 1545 850 accedimus
1581 794 1906 858 sententiae,

154 900 222 949 ut
245 892 444 948 otiosis
469 910 633 947 suam
658 892 865 946 demus
892 889 1132 954 Poesin3
1163 890 1376 963 quibus
1407 895 1609 944 autem
1633 889 1906 945 laudibus

154 988 253 1044 ille
317 986 668 1051 Homerum,
740 985 1215 1042 Dramaticorum
1284 984 1639 1058 Principem,
1710 985 1907 1060 vigere

140 1083 357 1149 «voluit,
389 1101 486 1138 eas
515 1081 681 1137 nulla
711 1101 784 1137 ex
815 1088 984 1155 parte
1014 1082 1201 1136 minui
1233 1080 1502 1136 velimus.

240 1276 557 1352 Fingamus
601 1277 801 1350 itaque
841 1275 1113 1351 flagranti
1157 1276 1394 1351 ingenio
1427 1276 1633 1340 virum,
1664 1277 1909 1331 summis

158 1372 487 1429 Phantasiae
529 1376 722 1447 (quam
755 1375 993 1446 vocant)
1036 1373 1290 1438 dotibus,
1323 1391 1439 1445 quo
1480 1378 1749 1445 tempore
1790 1371 1907 1427 labi

156 1474 458 1542 coeperunt
491 1474 553 1523 et
589 1469 649 1523 in
688 1469 947 1524 deterius
985 1468 1121 1523 ferri
1159 1469 1315 1542 apud
1355 1467 1598 1524 Graecos
1637 1466 1907 1523 Heroum

155 1563 406 1620 saecula:
452 1563 740 1639 fingamus
778 1566 977 1629 etiam,
1011 1583 1113 1621 seu
1137 1566 1290 1621 forte
1322 1566 1593 1639 quadam,
1626 1583 1730 1619 seu
1761 1565 1906 1619 vitio

155 1660 450 1734 temporis,
482 1678 674 1733 neque
715 1661 788 1716 ad
819 1660 1243 1734 rempublicam
1287 1679 1482 1735 neque
1523 1661 1597 1716 ad
1634 1659 1907 1715 militiam

156 1756 209 1811 ei
277 1756 400 1810 viro
473 1756 650 1812 fuisse
723 1758 1148 1812 accedendum.
1270 1756 1467 1812 Facile
1541 1757 1907 1822 crediderim,

154 1870 370 1907 nomen
415 1852 644 1907 dedisse
692 1849 998 1929 ῥαψῳδοῖς,
1051 1859 1196 1909 tunc
1240 1853 1524 1927 temporis
1569 1853 1722 1926 apud
1775 1871 1909 1908 suos

156 1947 522 2022 vigentibus:
593 1954 661 2003 ut
727 1967 811 2014 ea,
865 1967 993 2022 quae
1044 1967 1218 2024 agere
1271 1956 1589 2015 vetaretur,
1642 1951 1907 2005 canendo

155 2041 363 2098 saltem
396 2049 615 2098 tereret
651 2062 857 2098 aevum.
948 2043 1154 2117 Ecqua
1183 2043 1424 2099 tandem
1457 2044 1684 2099 ratione
1714 2045 1910 2117 potuit

155 2126 440 2212 ejusmodi
500 2139 787 2194 desiderio
852 2139 1078 2194 consuli
1142 2138 1371 2204 meliUS,
1431 2158 1605 2213 quam
1667 2148 1734 2194 ut
1793 2159 1910 2195 una

157 2234 229 2290 de
278 2233 480 2289 multis
531 2234 849 2309 eligeretur
898 2235 1171 2301 narrati0‚
1226 2235 1588 2309 amplissimo
1642 2237 1907 2301 decursu,

155 2329 536 2385 celeberrima
590 2329 857 2396 materia,
907 2329 1241 2386 clarissimis
1299 2330 1522 2403 ubique
1573 2331 1910 2387 nominibus

157 2425 464 2492 distincta;
510 2444 638 2499 quae
678 2432 741 2481 et
779 2426 1059 2482 scribenti
1099 2426 1346 2481 referret
1384 2426 1574 2481 indies
1613 2428 1910 2500 praeterita

157 2526 439 2595 tempora,
482 2520 724 2577 delicias
770 2540 937 2589 suas3
990 2528 1052 2576 et
1103 2528 1340 2576 mortuo
1393 2522 1639 2578 fortasse
1685 2541 1911 2578 memo-

101 2664 103 2667 .
157 2617 301 2672 riam
370 2623 738 2692 propagaret,
800 2617 1232 2692 augustissimae
1295 2616 1543 2673 heroum
1611 2619 1909 2674 memoriae

156 2712 487 2769 annexam?

241 2807 361 2863 Sed
420 2822 614 2882 operae
665 2810 924 2882 pretium
976 2811 1088 2864 erit
1144 2811 1497 2877 meminisse,
1545 2812 1684 2884 quid
1738 2819 1907 2867 sonet

153 2901 471 2959 Heroicum
515 2903 680 2970 illud,
726 2906 892 2978 cujus
943 2906 1128 2960 amori
1180 2925 1247 2961 ac
1298 2907 1587 2962 desiderio
1640 2907 1910 2981 pulcher-

156 2997 370 3053 rimum
431 3016 576 3072 opus
634 3006 944 3073 acceptum
1005 3000 1330 3056 referimus.
1443 3001 1642 3057 Nemo
1702 3003 1904 3066 nescit,

158 3090 427 3148 Heroum
455 3094 814 3168 praecipuam
854 3094 1091 3150 laudem
1132 3096 1194 3150 in
1236 3095 1448 3151 bellica
1478 3097 1697 3152 virtute
1727 3098 1907 3153 fuisse

156 3188 444 3260 positam3
486 3189 572 3245 ita
600 3196 800 3246 tamen
832 3190 1100 3264 pluribus
1131 3198 1464 3265 temperata
1496 3193 1704 3258 modis,
1735 3200 1804 3247 ut
1834 3194 1907 3249 ad

156 3282 602 3350 similitudinem
647 3286 941 3359 quandam
988 3287 1299 3342 accesserit
1345 3287 1633 3360 majorum
1680 3296 1908 3344 nostro-

157 3395 304 3443 rum,
339 3376 663 3453 Mediique,
696 3383 851 3455 quod
883 3390 1114 3447 vocant,
1148 3383 1300 3438 AEvi.
1391 3382 1535 3439 Erat
1565 3385 1745 3441 etiam
1775 3392 1904 3443 tum

159 3470 394 3547 Argivis
433 3472 722 3548 (nondum
769 3477 926 3532 enim
970 3476 1273 3543 HelleneS,
1315 3483 1470 3536 teste
1503 3478 1845 3557 Thucydide
1866 3491 1904 3548 ³,

962 3589 1026 3631 ·i.
1050 3602 1093 3644 3.

998 3679 1038 3717 G
