2320 4126
348 210 423 262 30
645 206 934 279 Rapkaelis
958 208 1040 261 vel
1063 207 1242 278 <nespas
1266 207 1342 260 ad
1365 207 1554 259 Poesin
1567 206 1847 276 pertinere.
1888 226 2049 262 PRAEL.
2070 229 2145 262 111.

348 358 517 426 carit,
560 357 787 415 circum
829 355 1060 413 radices
1100 353 1529 430 discipulorum
1578 353 1848 421 chorum,
1898 354 2149 415 absente

348 454 637 532 magistro
689 472 830 512 cum
875 452 1169 510 Daemone
1213 451 1436 510 frustra
1482 450 1883 510 luctantium:
1930 453 2149 512 deinde

347 551 666 610 intervallo
696 557 825 609 tam
860 550 1101 607 modico
1132 549 1512 626 disjunxerit,
1542 555 1615 606 ut
1645 548 1708 604 hi
1744 550 1944 626 capite
1979 569 2151 609 mon-

346 657 476 709 tem
526 652 724 727 ipsum
781 654 1024 706 tantum
1084 667 1207 705 non
1266 666 1502 723 aequare
1561 647 1901 706 videantur.
2010 649 2150 709 Hoc

347 748 499 805 illud
530 755 638 816 est,
671 745 1046 816 Academici,
1085 746 1244 822 quod
1276 745 1655 823 ignoratione
1695 747 1840 804 artis
1870 766 2150 823 peccasse

346 845 646 902 novitium
693 845 1015 920 quendam,
1063 845 1291 902 nedum
1337 843 1730 921 Raphaelem,
1774 865 1955 904 nemo
2000 847 2150 904 mihi

346 942 524 1001 facile
565 942 946 1020 persuaserit.
1038 940 1163 999 Sed
1204 942 1478 1011 fortasse,
1508 962 1629 1018 quo
1665 944 1954 1002 viciniora
1991 944 2152 1003 inter

345 1060 412 1099 se
465 1047 666 1098 essent
718 1058 790 1098 ea
841 1059 974 1117 quae
1026 1059 1104 1098 ex
1156 1047 1414 1116 utraque
1465 1047 1638 1118 parte
1690 1048 2031 1119 agerentur,
2078 1061 2151 1100 eo

347 1139 544 1196 verius
575 1144 759 1215 atque
788 1137 1027 1215 plenius
1058 1139 1312 1196 tacitam
1353 1158 1564 1197 eorum
1595 1140 1720 1197 vim
1761 1159 1831 1198 ac
1870 1146 2150 1198 naturam

346 1256 384 1294 a
412 1255 476 1294 se
508 1236 878 1312 descriptum
907 1236 980 1293 iri
1010 1237 1270 1313 putavit.
1350 1236 1550 1305 Quam
1575 1237 1823 1313 quidem
1855 1236 2150 1313 ejusmodi

345 1353 478 1393 esse
530 1334 825 1402 arbitror3
884 1341 956 1392 ut
1016 1354 1094 1392 ex
1153 1334 1267 1392 hac
1317 1341 1510 1411 parte,
1558 1341 1855 1411 praesente
1902 1333 2148 1404 Messia,

345 1432 687 1510 tranquilla,
736 1432 935 1501 beata,
977 1432 1258 1510 religiosa
1306 1432 1543 1502 omnia;
1590 1452 1668 1491 ex
1712 1433 1833 1501 illa,
1879 1434 2149 1503 absente,

345 1532 498 1589 nihil
538 1551 661 1589 non
706 1531 1131 1608 perturbatum
1177 1550 1247 1589 ac
1292 1530 1598 1589 solicitum
1645 1531 2032 1590 ostendatur:
2079 1538 2151 1589 ut

345 1629 488 1687 hinc
535 1629 826 1700 Paradisi,
874 1628 1042 1686 illinc
1095 1635 1348 1687 terrenae
1398 1628 1577 1705 hujus
1626 1628 1794 1698 lucis,
1841 1630 2151 1706 specimen

343 1729 562 1786 edatur
619 1727 784 1785 haud
844 1727 1187 1785 obscurum.
1292 1726 1511 1803 Itaque
1570 1727 1786 1786 lubens
1846 1728 2151 1786 commisit

347 1825 571 1896 Pictor,
602 1832 674 1883 ut
713 1826 859 1884 artis
902 1825 1310 1903 negligentior
1355 1844 1485 1884 esse
1525 1826 1850 1897 videretur,
1882 1827 1931 1884 si
1966 1825 2149 1884 modo

343 1924 766 2002 gravissimum
811 1922 1059 1999 pietatis
1106 1924 1560 1993 documentum,
1605 1925 1771 1982 omni
1818 1944 1945 1982 aevo
1991 1924 2152 2001 capi-

346 2025 591 2092 endum,
624 2022 900 2081 ediderit.

431 2121 677 2188 Contra,
728 2119 1061 2198 Belgarum
1120 2118 1225 2177 ille
1278 2120 1575 2188 AntisteS,
1631 2121 1775 2197 quid
1835 2127 1964 2178 arte
2023 2138 2151 2178 ma-

342 2238 552 2295 nuque
595 2218 872 2295 polleret,
927 2217 1023 2293 (ut
1071 2225 1199 2276 erat
1245 2237 1388 2276 sane
1428 2218 1827 2294 peritissimus
1875 2220 2150 2276 omnium

348 2314 611 2390 artifex,)
653 2315 842 2373 nimia
885 2314 1239 2391 cupiditate,
1279 2315 1467 2372 nimia
1507 2315 1860 2385 ambitione,
1901 2317 2151 2374 severis-

342 2412 514 2470 simis
539 2430 778 2489 quoque
800 2413 864 2470 in
894 2413 1073 2471 rebus
1103 2432 1223 2489 prae
1255 2431 1318 2470 se
1348 2412 1559 2471 tulisse
1589 2413 1798 2471 fertur.
1863 2412 2150 2491 Exempli

347 2510 482 2568 loco
524 2506 637 2579 sit,
691 2530 812 2587 quo
862 2517 1042 2588 gestu
1102 2509 1415 2568 Christum
1476 2509 1811 2569 Dominum
1872 2518 2150 2570 nostrum

344 2606 565 2683 posuit,
600 2606 829 2665 Lazaro
874 2626 908 2665 e
948 2607 1204 2665 mortuis
1244 2614 1495 2665 evocato
1540 2607 1887 2665 adstantem
1907 2618 1952 2665 g.
2043 2607 2151 2665 Ef-

346 2704 526 2762 finxit
589 2704 805 2781 utique
871 2705 1059 2781 passis
1126 2704 1361 2781 palmis,
1434 2703 1651 2761 leviter
1714 2705 1779 2762 in
1846 2705 2148 2764 anteriora

346 2801 593 2871 flexum,
626 2802 799 2861 vultu
833 2802 1031 2873 alacri,
1063 2803 1461 2861 admiratione
1490 2803 1688 2871 mista,
1721 2809 2011 2879 tanquam
2043 2823 2149 2882 spe

347 2902 578 2976 majora
605 2902 963 2959 intueretur.
1053 2902 1220 2960 Eum
1257 2903 1546 2959 nimirum
1576 2902 1841 2978 corporis
1870 2902 2149 2961 habitum

348 2997 638 3072 poscebat
674 2998 953 3056 universa
991 2999 1243 3074 picturae
1283 2999 1472 3056 ratio:
1520 3018 1714 3074 eoque
1755 3006 2012 3069 servatO,
2045 3020 2151 3077 op-

347 3093 502 3151 time
545 3093 706 3150 inter
764 3113 828 3152 se
879 3094 1330 3152 conveniebant,
1378 3114 1603 3162 omneS,
1658 3096 1876 3171 quibus
1928 3115 2000 3153 ea
2047 3097 2150 3154 de-

350 3191 692 3258 finiebatur,
723 3191 915 3250 lineae.
981 3191 1158 3249 Idem
1188 3191 1424 3261 divinae,
1457 3212 1589 3268 quae
1626 3193 1835 3251 adesse
1865 3193 2149 3264 debebat,

354 3285 686 3362 Majestati,
714 3288 779 3346 ni
810 3287 1002 3357 fallor,
1033 3308 1156 3345 non
1185 3288 1437 3365 paulum
1467 3290 1694 3347 nocuit.

439 3384 657 3460 Itaque
686 3405 781 3444 res
804 3387 888 3444 sic
913 3405 977 3444 se
998 3386 1224 3445 habere
1248 3388 1504 3456 videtur,
1523 3385 1899 3445 Academici.
1962 3386 2149 3446 Hunc

351 3483 416 3538 in
445 3482 663 3540 vitium
694 3483 872 3541 duxit
902 3503 1117 3543 manus
1146 3486 1210 3542 in
1241 3492 1371 3543 arte
1401 3485 1934 3544 exercitatissima:
1974 3485 2149 3544 illum

629 3626 656 3657 g
687 3618 903 3667 Servatur
923 3635 975 3665 ea
995 3621 1151 3666 tabula
1170 3622 1219 3667 in
1239 3622 1427 3668 Musaeo
1452 3622 1589 3682 Regis
1613 3623 1861 3669 Borussici.
