2320 4126
194 221 349 254 PRAEL.
369 219 456 252 XV.
509 200 732 251 Deorum
757 214 854 247 non
864 197 1067 264 favore,
1094 194 1181 245 sed
1200 188 1374 245 stabili
1384 193 1600 261 judicio.
1834 193 1940 245 247

424 336 622 393 Ἑρμείαν
641 334 892 391 πέμψαντες
913 330 1128 375 ε’ὕσκόπον
1144 317 1471 387 Ἀργειφόντην,

423 406 519 465 μήτ’
540 408 669 450 αὐτὸν
690 406 877 456 κτείνειν,
898 403 1003 461 μήτε
1022 402 1238 460 μνάασθαι
1258 401 1431 444 ἅκοιτινό

426 480 472 523 ἐκ
491 481 576 537 γὰρ
595 478 808 535 Ὀρέσταο
827 477 942 522 τίσις
961 477 1139 520 ἔσσεται
1157 473 1396 531 Ἀτρείδαο,

426 550 578 595 ὅπποτ’
600 550 651 594 ἂν
671 549 814 606 ἡβήσῃ
837 567 884 593 τε
905 549 972 591 καὶ
992 547 1041 604 ἧς
1062 547 1264 604 ἱμείρεται
1285 543 1391 600 αἴης·

427 623 483 668 ὣς
503 621 629 680 ἔφαθ’
653 621 864 678 Ἑρμείας·
897 618 995 663 ἀλλ’
1018 620 1067 662 οὐ
1088 617 1250 676 φρένας
1269 615 1496 674 Αἰγίσθοιο

424 693 534 737 πεῖθ’
557 694 696 751 ἀγαθὰ
716 692 925 751 φρονέων.
959 694 1032 735 νῦν
1052 690 1088 734 δ’
1111 690 1246 747 ἀθρόα
1265 687 1385 732 πάντ’
1407 686 1626 731 ἀπέτισεν.

486 767 561 810 τὸν
581 765 616 809 δ’
639 764 824 822 ἠμείβετ’
846 766 991 807 ἔπειτα
1011 763 1087 807 θεὰ
1106 765 1353 821 γλαυκῶπις
1370 758 1542 815 Ἀθήνη·

428 837 461 881 ὦ
481 838 614 895 πατὲρ
636 836 827 894 ἡμέτερε,
850 836 1050 892 Κρονίδη,
1071 834 1205 878 ὕπατε
1226 835 1464 891 κρειόντων,

429 910 497 952 καὶ
518 909 615 964 λίην
635 910 770 953 κεῖνός
787 926 839 966 γε
860 907 1015 951 ἐοικότι
1035 909 1167 950 κεῖται
1188 905 1374 972 ὀλέθρῳῇ

429 983 484 1028 ὣς
504 982 712 1026 ἀπόλοιτο
734 981 802 1023 καὶ
822 979 958 1025 ἄλλος
979 978 1068 1024 ὅτις
1086 979 1259 1022 τοιαῦτά
1279 996 1331 1036 γε
1350 976 1480 1035 ῥέζοι.

425 1055 541 1098 ἀλλά
560 1072 632 1110 μοι
653 1052 760 1111 ἀμφ’
780 1051 962 1108 Ὀδυσήι
983 1050 1184 1109 δαΐφρονι
1205 1051 1366 1094 δαίεται
1386 1050 1504 1106 ἦτορ,

425 1127 643 1186 δυσμόρῳ,
667 1125 713 1171 ὃς
733 1125 784 1181 δὴ
805 1125 913 1181 δηθὰ
933 1123 1076 1183 φίλων
1095 1124 1179 1168 ἄπο
1198 1123 1371 1180 πήματα
1389 1123 1567 1180 πάσχει.

197 1229 584 1305 Magnificum
625 1247 762 1284 sane
801 1227 1056 1303 religiosi
1089 1227 1360 1283 carminis
1396 1225 1722 1292 exordium,
1755 1218 1939 1300 quod-⁴

194 1345 308 1401 que
338 1327 529 1401 ipsum
562 1344 665 1400 per
695 1344 756 1386 Se
787 1325 926 1381 satis
955 1331 1178 1400 arguat,
1210 1324 1474 1380 animum
1517 1322 1832 1397 Scriptoris
1875 1323 1938 1377 in

195 1441 286 1479 res
326 1422 548 1478 divinas
577 1422 873 1477 intentum
912 1420 1036 1476 fore
1067 1427 1128 1476 et
1167 1426 1480 1476 arrectum.
1567 1417 1705 1475 Jam
1736 1425 1939 1475 autem

195 1520 442 1575 miretur
497 1517 723 1593 aliquis,
783 1537 888 1574 cur
944 1516 1104 1574 Deos
1163 1516 1566 1591 colloquentes
1615 1516 1938 1572 narraverit

198 1616 495 1672 Homerus
531 1613 793 1680 fortuitO,
828 1621 897 1670 ut
931 1615 1017 1670 ita
1056 1614 1264 1679 dicam,
1303 1613 1576 1670 incidisse
1612 1613 1674 1669 in
1711 1610 1940 1686 Ulyssis

196 1718 258 1768 et
300 1729 609 1786 procorum
672 1711 995 1786 negotium,
1056 1711 1361 1766 mentione
1413 1710 1570 1766 facta
1615 1708 1942 1785 Agamem-

192 1809 379 1864 noniS.
468 1807 626 1875 Quid
656 1807 705 1863 si
737 1806 1002 1880 Scriptor
1030 1806 1142 1861 ista
1181 1806 1407 1862 ratione
1438 1803 1568 1863 Diis
1598 1806 1715 1862 suis
1746 1809 1938 1864 caveri

194 1904 399 1970 voluit,
440 1923 515 1959 ne
559 1903 711 1960 forte
755 1908 1032 1977 putarent
1071 1901 1354 1967 homineS,
1401 1902 1743 1977 praejudicio
1796 1924 1940 1978 quo-

193 2002 326 2057 dam
370 2006 432 2056 et
470 2018 622 2056 caeco
663 1998 861 2055 favore
900 1997 1090 2053 teneri
1129 2015 1229 2053 eos
1272 2003 1452 2071 atque
1492 1999 1627 2055 duci
1660 2000 1722 2055 in
1765 2001 1940 2076 hujus

193 2102 298 2153 aut
348 2095 504 2152 illius
555 2101 776 2152 sectam
799 2094 821 2151 2
894 2112 1010 2167 qua
1063 2093 1310 2173 ratione,
1356 2100 1426 2150 ut
1479 2114 1683 2151 verum
1735 2096 1937 2164 fatear,

193 2191 432 2268 Apollo,
465 2191 804 2266 Neptunus,
834 2189 1029 2246 caeteri
1065 2190 1135 2245 in·
1167 2189 1354 2247 Iliade
1385 2191 1503 2248 suis
1533 2192 1779 2267 quisque
1809 2212 1940 2267 par-

192 2291 351 2348 tibus
394 2308 456 2346 se
499 2290 775 2346 videntur
816 2288 1126 2344 addixisse.
1213 2287 1403 2346 Verbi
1441 2290 1662 2364 gratia:
1715 2291 1938 2365 primus

192 2386 456 2443 omnium
499 2383 832 2460 legentibus
883 2383 1133 2439 Iliadem
1176 2380 1398 2458 Apollo
1442 2385 1711 2452 occurrit,
1756 2387 1938 2443 iratus

193 2479 434 2545 scilicet,

426 2597 576 2642 οὕνεκα
595 2599 670 2641 τὸν
690 2597 866 2655 Χρυσὴν
886 2596 1056 2653 ἦτίμησ’
1077 2597 1266 2655 ἀρητῆρα

426 2669 660 2727 Ἀτρείδης.

194 2793 434 2862 Quanto
464 2792 681 2848 rectius
711 2796 772 2847 et
801 2791 1106 2867 augustius
1136 2791 1293 2867 apud
1324 2790 1669 2868 Odysseiam
1699 2792 1938 2869 Jupiter

192 2894 254 2944 et
286 2887 589 2943 Minerva:

426 3020 494 3063 καὶ
514 3020 612 3075 λίην
633 3021 767 3066 κεῖνός
786 3039 837 3078 γε
859 3021 1013 3064 ἐοικότι
1034 3022 1166 3064 κεῖται
1186 3016 1368 3079 ὄλέθρωὸ

426 3091 484 3136 ὧς
503 3091 712 3135 ἀπόλοιτο
733 3092 800 3134 καὶ
821 3091 957 3138 ἄλλος
977 3091 1066 3138 ὅτις
1085 3094 1261 3137 τοιαῦτά
1280 3111 1331 3150 γε
1350 3092 1479 3150 ῥέζοι.

195 3209 339 3267 Non
383 3210 601 3269 affectu
646 3212 842 3287 aliquo
893 3215 1175 3270 commoti
1226 3213 1623 3290 indignantur,
1671 3213 1773 3272 sed
1824 3223 1940 3273 sta-

194 3305 377 3361 bilem
421 3314 763 3383 certamque
803 3310 988 3366 edunt
1028 3316 1309 3383 tanquam
1352 3328 1458 3384 pro
1489 3309 1767 3367 tribunali
1811 3331 1940 3369 sen-

195 3401 461 3468 tentiam,
520 3422 654 3477 quae
726 3406 961 3480 penitus
1033 3406 1094 3461 in
1166 3422 1370 3461 omnes
1442 3405 1602 3461 omni
1674 3412 1941 3483 tempore

195 3494 403 3552 valeat.
