2320 4126
654 1311 1333 1382 PRAELECTIO
1402 1313 1858 1388 QUINTA.

349 1717 649 1776 Eaponuntur
659 1722 894 1779 primarioe
911 1723 1102 1783 Poeseos
1113 1721 1292 1791 Jndicia
1314 1722 1527 1781 quaedam.
1571 1722 1790 1766 Primarii
1808 1721 1896 1766 sibi
1917 1728 2122 1767 constant
2133 1741 2158 1772 ,-

406 1793 644 1838 novitatem
664 1796 912 1854 neququam
938 1797 1178 1841 verecunde
1199 1796 1252 1840 de
1272 1797 1402 1841 rebus
1423 1796 1598 1843 dilectis
1615 1802 1766 1855 ayunt.
1816 1796 2031 1850 Docetur,
2049 1796 2161 1856 quid

406 1869 554 1913 valeat
585 1869 634 1913 in
664 1872 811 1916 sacris
838 1871 1049 1929 ejusmodi
1072 1871 1226 1915 Pudor
1238 1890 1259 1920 ;
1306 1870 1462 1915 deinde
1497 1871 1654 1929 quibus
1689 1871 1874 1915 maxime
1908 1871 2159 1916 rationibus

405 1949 560 1987 utatur
579 1945 628 1988 in
643 1960 692 1989 re
704 1946 905 1990 Poetica.
959 1946 1196 2004 Siynfflcat
1207 1946 1408 2005 plurima
1424 1967 1437 1990 .·
1471 1961 1567 2005 quae
1582 1951 1744 1990 narrat
1758 1945 1949 1990 modeste
1962 1952 2125 1991 narrat
2132 1965 2155 1996 ,-

406 2018 602 2078 εἰρωνείᾳ
619 2020 800 2078 qaudet.

463 2240 465 2242 ·
495 2209 828 2279 IDISTIS,
860 2209 1235 2278 Academici,
1270 2210 1492 2269 Poesin
1532 2210 1874 2270 universam
1910 2212 1971 2269 in
2004 2212 2155 2271 duas

536 2311 814 2369 distribui
862 2329 1037 2387 posse
1085 2318 1319 2387 partes:
1383 2329 1638 2386 quarum
1687 2329 1821 2386 quae
1870 2310 2155 2387 primaria

345 2411 439 2479 sit,
473 2418 535 2468 et
566 2417 830 2479 caeteras,
864 2417 997 2467 tum
1040 2429 1122 2479 re,
1155 2416 1290 2467 tum
1322 2417 1617 2487 tempore,
1648 2410 1988 2479 antecedat,
2022 2413 2154 2486 ejus

343 2528 616 2585 quaenam
671 2508 855 2565 fuerit
908 2508 1092 2586 origo,
1147 2515 1445 2585 quantum
1499 2508 1847 2585 conjectura
1897 2528 2154 2587 augura-

339 2627 493 2675 mur,
553 2606 870 2664 edidimus,
990 2605 1283 2683 Sequitur
1350 2613 1421 2664 ut
1479 2606 1816 2666 indicemus
1875 2607 2149 2684 quaedam

340 2707 508 2783 quasi
569 2706 838 2784 vestigia,
890 2707 1108 2783 quibus
1159 2706 1509 2764 Imitatores
1568 2726 1604 2764 a
1663 2705 1971 2765 Primariis
2031 2707 2152 2766 dis-

339 2825 583 2864 cernere
625 2806 816 2864 soleat
848 2807 1186 2865 communis
1218 2807 1492 2864 omnium
1529 2825 1754 2864 sensus.
1844 2805 2056 2882 Atque
2085 2807 2149 2864 in

339 2903 633 2980 ejusmodi
672 2903 1016 2961 discrimine
1061 2904 1385 2962 statuendo
1427 2924 1551 2962 non
1586 2924 1820 2981 parum,
1851 2906 1913 2962 ni
1955 2904 2147 2973 fallor,

337 3002 664 3080 adjuvabit,
718 3002 905 3078 probe
966 3021 1143 3059 nosse
1203 3004 1393 3060 vitam
1445 3022 1764 3079 moresque
1811 3003 2148 3063 hominum.

339 3101 615 3179 Simplex
660 3101 823 3158 enim
871 3101 1222 3177 sinceraque
1263 3120 1436 3159 mens
1477 3101 1689 3159 iisdem
1739 3103 1866 3161 fere
1910 3105 2148 3162 indiciis

334 3223 397 3261 se
458 3203 691 3280 prodet,
745 3202 871 3259 sive
925 3201 1191 3259 carmine
1246 3201 1380 3277 quis
1432 3206 1657 3268 utatur,
1708 3221 1815 3260 seu
1868 3221 2146 3261 sermone

332 3303 449 3360 hoc
486 3301 871 3378 quotidiano:
918 3307 991 3357 ut
1037 3320 1114 3357 ne
1164 3299 1426 3368 dubites,
1458 3299 1563 3375 qui
1608 3300 1671 3356 in
1717 3299 2032 3377 colloquiis
2080 3309 2145 3359 et

330 3403 393 3459 in
441 3399 679 3458 circulis
731 3400 1022 3457 acerrime
1072 3399 1387 3477 dignoscat
1436 3398 1580 3455 ficta
1627 3399 1800 3467 veris,
1850 3399 2023 3456 illum
2065 3401 2140 3458 ad

332 3500 553 3558 Poetas
582 3499 644 3554 in
676 3498 948 3555 ordinem
981 3498 1356 3576 redigendos
1393 3496 1440 3554 si
1483 3496 1544 3552 id
1577 3496 1832 3564 curabit,
1865 3498 2140 3555 nonnihil

331 3599 671 3678 profecisse.
