2320 4126
190 259 346 296 PRAEL.
368 259 498 292 xvn.
596 240 885 308 AEsolzylu3‚
911 238 1086 291 bellica
1114 239 1264 291 laude
1290 239 1518 308 insigniis.
1836 243 1945 297 297

180 383 408 458 judicio
437 384 699 440 inveniat
728 384 1123 440 recentiorum
1154 382 1497 458 rhythmum
1520 381 1712 438 multo
1735 382 1947 458 agilius

190 480 432 547 moveri,
463 486 525 539 et
569 480 641 536 ad
678 486 943 536 mentem
974 479 1272 554 scriptoris
1301 479 1623 535 immutari.

276 573 455 630 Dicat
508 574 735 648 aliquiS,
784 574 1058 642 Quonam
1104 575 1288 651 igitur
1330 575 1510 630 modo
1561 573 1948 649 appellandus

190 671 305 726 erit
362 667 684 744 AEschylus
736 668 1234 746 Ὀμηρικώτατοςῖ
1323 669 1413 727 Ut
1463 689 1583 726 uno
1641 669 1948 744 alteroque

193 764 371 820 verbo
403 764 820 838 respondeam;
867 764 1165 833 Quoniam
1196 775 1258 823 et
1299 785 1370 823 ea
1399 765 1611 841 diligit,
1642 785 1771 840 quae
1809 773 1948 824 sunt

192 860 253 915 in
299 859 547 916 Homeri
588 860 829 928 deliciis,
870 867 932 917 et
974 880 1139 918 more
1185 861 1510 919 Homerico
1554 880 1617 919 se
1647 863 1949 919 verissime

192 974 329 1013 cum
393 956 569 1013 rebus
634 964 696 1013 et
767 957 1023 1033 negotiis
1091 957 1242 1014 solet
1306 958 1656 1015 immiscere.
1773 958 1949 1027 Quod

192 1053 449 1128 primum
494 1053 758 1109 omnium
802 1054 1117 1129 perspicias
1161 1063 1223 1111 et
1267 1074 1548 1131 agnoscas
1598 1056 1660 1115 in
1704 1055 1775 1112 iis
1818 1074 1951 1129 quae

192 1150 491 1226 pertinent
537 1150 609 1206 ad
667 1149 959 1217 militiam,
1007 1151 1337 1225 praesertim
1393 1151 1684 1208 navalem.
1771 1151 1950 1220 Quod

193 1245 353 1302 enim
404 1246 464 1304 in
511 1243 778 1303 Homero
829 1246 1170 1320 conjectura
1211 1253 1446 1303 tantum
1498 1246 1950 1323 augurabamur,

196 1342 256 1398 id
287 1343 345 1398 in
379 1339 666 1417 AEschylo
697 1348 897 1398 nostro
928 1342 1267 1399 certissimis
1296 1350 1563 1399 veterum
1595 1343 1952 1399 testimoniis

197 1439 554 1506 evincimus3
622 1439 890 1495 extitisse
939 1457 1080 1495 eum
1128 1438 1343 1496 bellica
1391 1438 1568 1495 laude
1626 1439 1950 1515 egregium,

197 1533 324 1592 tum
357 1554 493 1592 cum
522 1535 783 1591 maxime
813 1534 1061 1591 florebat
1091 1535 1268 1591 armis
1299 1534 1545 1592 Graecia.
1607 1535 1951 1604 Marathon,

199 1630 465 1696 Salamis,
497 1630 741 1698 Plataea,
771 1631 1130 1688 immortalia
1158 1632 1413 1699 nomina,
1445 1651 1577 1706 pars
1614 1639 1781 1688 erant
1825 1633 1952 1707 ejus

154 1775 156 1777 .
197 1728 451 1785 famaem:
504 1728 659 1802 quod
705 1734 766 1785 et
808 1747 1101 1785 marmora
1143 1727 1246 1784 illa
1289 1735 1601 1794 testantur,
1646 1729 1754 1786 hos
1797 1729 1954 1786 intra

196 1825 450 1901 parietes
493 1825 818 1881 etiamnum
864 1831 1167 1893 servata¹¹3
1229 1832 1290 1881 et
1340 1826 1502 1900 picta
1545 1825 1686 1882 olim
1732 1833 1954 1883 testata

198 1931 289 1979 est
321 1921 685 1978 Marathonii
714 1921 903 1996 proelii
933 1921 1152 1989 tabula,
1184 1940 1361 1996 quam
1400 1922 1611 1979 habuit
1649 1923 1951 1980 theatrum

198 2017 495 2085 Atticum,
528 2017 819 2074 Pausania
853 2024 1198 2086 narrante⁰;
1243 2026 1305 2075 et
1334 2037 1537 2075 versus
1567 2019 1861 2095 exsculpti
1891 2020 1952 2076 in

198 2114 380 2189 ipsius
411 2114 613 2171 Poetae
643 2113 930 2181 tumuloP,

433 2233 568 2290 ἀλκὴν
588 2233 623 2278 δ’
649 2234 870 2291 εὐδοκίμον
891 2234 1176 2292 Μαραθώνιον
1195 2234 1335 2281 ἄλσος
1355 2235 1407 2280 ἂν
1427 2234 1554 2289 εἴποι,

553 2308 621 2351 καὶ
640 2306 943 2366 βαθυχαιτὴεις
964 2309 1112 2365 Μῆδος
1132 2308 1429 2366 ἐπιστάμενος·

198 2422 345 2478 quos
369 2404 606 2478 quidem
632 2423 830 2462 versus
860 2405 934 2462 ab
963 2406 1090 2482 ipso
1121 2405 1301 2463 fuisse
1329 2406 1617 2475 conditos,
1636 2406 1956 2466 Pausanias

201 2507 292 2557 est
322 2508 544 2558 auctor.

286 2596 444 2664 Quid
480 2597 714 2654 multa?
759 2597 905 2653 nihil
942 2598 1016 2654 de
1060 2616 1131 2654 eo
1172 2598 1488 2675 vulgatiuS,
1520 2618 1698 2674 quam
1743 2600 1955 2657 eodem

202 2692 304 2748 illo
345 2693 481 2748 vitae
521 2699 806 2767 tempore,
841 2713 977 2749 cum
1018 2695 1092 2751 ad
1131 2693 1468 2772 Tragoedias
1511 2696 1848 2755 scribendas
1893 2717 1957 2755 se

204 2789 550 2855 contulerat,
609 2809 746 2846 cum
804 2790 1080 2848 fratribus
1153 2810 1290 2848 eum
1348 2791 1580 2850 duobus
1648 2793 1958 2852 durissima

203 2885 428 2943 militiae
457 2885 716 2961 pericula
744 2905 812 2942 ac
842 2886 1070 2944 labores
1100 2889 1441 2964 suscepisse.
1531 2889 1680 2958 Quis
1720 2892 1850 2959 scit,
1880 2910 1956 2948 an

203 2983 262 3039 id
319 2983 512 3058 ipsum
570 2983 631 3038 in
689 3002 863 3042 causa
919 2984 1114 3052 fuerit,
1168 3004 1273 3042 cur
1323 2987 1557 3062 gravius
1602 2987 1840 3063 aliquod
1887 3008 1957 3047 ac

202 3078 462 3135 sanctius
491 3086 704 3136 sonent
735 3080 919 3138 ferme
949 3079 1222 3157 AEschyli
1253 3083 1528 3149 carmina,
1560 3102 1737 3160 quam
1779 3090 1958 3141 caete-

205 3193 418 3240 rorum,
456 3174 556 3247 qui
599 3175 660 3231 in
701 3175 958 3252 Tragicis
1002 3176 1362 3236 laudantur?
1450 3178 1593 3235 Non
1636 3179 1796 3236 enim
1839 3180 1957 3237 usi-

207 3275 400 3325 tatum
451 3288 643 3344 neque
695 3272 923 3330 triviale
980 3273 1239 3331 bellandi
1296 3293 1483 3350 genus
1538 3275 1953 3350 impendebat3

206 3383 324 3420 non
366 3364 518 3421 levia
557 3374 660 3423 aut
698 3367 923 3426 ludicra
962 3369 1320 3444 petebantur
1351 3371 1610 3448 praemia,
1641 3391 1847 3429 verum
1887 3392 1957 3429 ea

268 3491 304 3532 ¹¹'1
342 3502 428 3546 Vit.
453 3503 611 3547 AEsch.
634 3504 703 3548 ed.
729 3506 897 3558 Butler,
920 3508 1008 3552 viii.
1032 3522 1075 3565 3.
1364 3516 1390 3539 ¹¹
1422 3508 1618 3562 Clinton,
1644 3511 1763 3554 Fast.
1788 3512 1955 3555 Hellen.

213 3575 285 3617 Ol.
312 3586 379 3630 72.
403 3588 444 3631 3.
594 3583 612 3600 ⁰
644 3576 779 3621 Accio.
803 3593 841 3629 c.
866 3592 938 3623 21.
1088 3586 1105 3611 Ρ
1144 3579 1229 3623 Vit.
1253 3580 1412 3623 AEsch.
1435 3595 1475 3634 4.
1500 3560 1652 3625 ⁴Paus.
1675 3582 1811 3627 Attio.
1839 3596 1905 3636 14.
