2320 4126
147 277 302 312 Pam..
325 274 395 308 xr.
435 254 717 323 Proprimn
753 251 807 303 U
803 251 963 319 byssi&
991 250 1163 301 domus
1187 256 1234 300 et
1258 249 1350 300 otii
1375 249 1690 300 desiderium.
1788 250 1893 303 175

149 401 516 462 admiramur,
548 401 933 470 expectantes
977 393 1116 467 quid
1153 398 1291 467 agat
1330 391 1509 447 homo
1549 390 1893 448 voluntariae

148 496 320 553 morti
372 493 642 551 addictus
692 510 760 548 ac
808 495 1219 547 consecratus:
1275 487 1455 544 Hunc
1506 488 1567 543 in
1620 488 1894 553 adversis,

153 611 269 666 qua
307 610 368 647 se
403 590 630 645 ratione
666 586 943 662 explicet,
975 592 1036 642 et
1079 584 1150 640 ad
1192 583 1400 640 fatales
1430 590 1696 659 emergat
1740 601 1896 657 opes,

154 685 511 761 IntelligitiS,
576 683 796 758 opinor,
856 687 991 736 uter
1053 680 1262 735 horum
1319 678 1616 754 juveniles
1673 678 1898 735 animos

151 784 336 839 acrius
364 786 617 837 moveat.

230 877 457 935 Verum
493 881 561 931 ut
602 872 902 929 Achillem
947 871 1190 927 missum
1235 869 1552 944 aliquando
1592 870 1893 936 faciamUS,

149 974 258 1030 erit
302 973 544 1028 fortasse
589 988 783 1044 operae
827 967 1100 1042 pretium,
1147 967 1193 1022 si
1237 985 1424 1040 pauca
1468 966 1733 1040 quaedam
1778 966 1894 1022 huc

148 1070 522 1134 adducamus,
553 1084 801 1141 quorum
832 1082 902 1119 ea
931 1062 1017 1118 vis
1048 1063 1141 1128 sit,
1171 1070 1240 1117 ut
1283 1061 1632 1118 mirabiliter
1673 1070 1896 1136 ponant

147 1168 207 1223 in
228 1166 358 1221 luce
381 1171 557 1238 atque
579 1163 641 1218 in
664 1160 847 1218 oculis
871 1160 1030 1216 sitim
1052 1158 1216 1214 illam
1236 1158 1446 1214 domus
1469 1164 1537 1214 et*
1564 1159 1688 1226 otii,
1718 1178 1894 1234 quam

148 1282 255 1339 ego
275 1263 488 1337 spirare
509 1260 759 1316 dixerim
779 1277 898 1314 non
916 1257 1093 1312 modo
1116 1255 1343 1331 Ulyssis
1362 1274 1892 1330 personam,verum

149 1359 326 1415 etiam
370 1363 575 1421 totam,
620 1360 842 1428 quanta
878 1358 1102 1426 quanta
1145 1357 1251 1416 est,
1299 1350 1665 1426 Odysseiam.
1756 1351 1898 1408 Non

148 1454 320 1511 aliam
349 1452 572 1509 habent
617 1449 1122 1526 significationem,
1154 1447 1368 1521 quibus
1407 1446 1508 1503 ille
1548 1449 1805 1522 primum
1836 1450 1896 1504 in

148 1566 379 1605 scenam
407 1545 683 1612 mittitur,
715 1544 822 1602 sub
853 1545 980 1618 ipso
1012 1542 1311 1599 Poematis
1341 1543 1550 1599 initiog
1577 1560 1590 1599 :

378 1666 494 1709 ἀλλά
513 1684 585 1722 μοι
606 1664 713 1723 ἀμφ’
735 1664 919 1720 Ὀδυσῆΐ
939 1661 1141 1721 δαΐφρονι
1163 1663 1324 1707 δαίεται
1344 1662 1463 1721 ἦτορ,

379 1738 598 1796 δυσμόρῳ,
621 1736 667 1782 ὃς
689 1737 738 1793 δὴ
762 1737 870 1792 δηθὰ
890 1736 1034 1794 φίλων
1053 1735 1138 1779 ἄπο
1159 1734 1332 1792 πήματα
1351 1737 1529 1793 πάσχει,

379 1809 496 1869 νήσῳ
519 1809 563 1853 ἐν
583 1808 818 1867 ἀμφιρύτῃ,
840 1807 908 1852 ὅθι
929 1807 964 1850 τ’
987 1806 1189 1865 ὄμφαλος
1209 1808 1305 1851 ἔστι
1326 1807 1569 1863 θαλάσσης,

379 1883 508 1937 νῆσος
529 1879 812 1937 δενδρήεσσα,
835 1879 912 1923 θέα
933 1877 969 1922 δ’
993 1878 1038 1922 ἐν
1058 1878 1219 1935 δώματι
1240 1878 1359 1929 ναίει,

365 1951 608 1997 Ἀτλαντος
627 1950 816 2010 θύγατηρ
838 1951 1142 2008 ὀλοόφρονος·.
1161 1983 1170 1994 .
1192 1983 1201 1993 .
1219 1983 1229 1994 .
1245 1950 1379 2006 αὐτὰρ
1399 1948 1658 2000 Ὀδυσσεὺς,

145 2072 277 2119 non,
307 2059 374 2109 ut
403 2053 653 2129 impiger
679 2051 800 2119 ille,
831 2051 956 2108 fieri
987 2069 1050 2107 se
1080 2050 1347 2124 queritur

380 2204 711 2216 ............
727 2171 906 2215 ἐτώσιον
926 2170 1060 2228 ἄχθος
1080 2169 1283 2228 ἀρούρης·

150 2279 381 2329 tantum

376 2393 535 2449 ἱέμενος
555 2393 622 2436 καὶ
643 2394 801 2437 καπνὸν
821 2392 1160 2451 ἀποθρώσκοντα
1181 2395 1332 2450 νοῆσαι

374 2464 423 2520 ἧς
441 2465 579 2522 γαίης,
603 2463 766 2509 θανέειν
788 2465 992 2523 ἱμείρεται
999 2499 1273 2510 ..........

229 2601 444 2677 Neque
488 2621 626 2658 vero
670 2603 889 2676 absque
933 2602 1160 2658 ratione
1199 2603 1477 2658 videntur
1518 2602 1621 2659 illa
1665 2604 1738 2660 de
1783 2605 1898 2660 At-

145 2697 303 2755 lante
332 2698 540 2773 adjici:
580 2698 680 2772 qui
711 2716 847 2754 cum
889 2717 922 2754 e
960 2705 1140 2773 gente
1170 2698 1449 2754 Titanum
1480 2698 1659 2755 fuerit
1703 2700 1895 2755 oriun-

146 2794 268 2861 dus,
299 2795 513 2850 mirum
542 2794 603 2849 ni
635 2792 765 2849 Diis
795 2794 1017 2868 superis
1047 2793 1341 2851 infensum
1373 2813 1435 2850 se
1465 2812 1718 2869 suosque
1751 2797 1897 2871 obji-

146 2890 279 2959 ciat,
308 2897 371 2947 et
406 2891 469 2946 in
497 2889 612 2946 alia
642 2890 839 2946 omnia
868 2890 1148 2958 discedat,
1181 2909 1357 2965 quam
1388 2909 1523 2964 quae
1555 2890 1642 2946 illi
1673 2891 1892 2948 velint:

149 3005 395 3061 eamque
440 2986 516 3043 ob
553 3005 788 3042 causam
819 2985 1115 3065 ὀλοόφρων
1158 3005 1193 3043 a
1229 2986 1506 3045 Minerva
1544 2987 1893 3062 appellatur.

150 3081 242 3137 Ac
272 3081 531 3156 suspicor
560 3083 836 3156 equidem
868 3083 976 3139 sub
999 3083 1127 3140 istis
1150 3082 1335 3141 latere
1360 3084 1606 3141 obscura
1628 3084 1892 3157 quaedam

147 3176 304 3233 illius
352 3195 456 3233 seu
499 3177 797 3253 religionis
849 3179 971 3235 sive
1021 3179 1407 3254 philosophiae
1457 3180 1719 3255 vestigia,
1768 3199 1896 3253 quae

147 3271 321 3348 longe
372 3272 610 3346 lateque
658 3275 813 3349 apud
873 3274 1207 3332 Orientales
1265 3277 1426 3331 omni
1481 3283 1748 3350 tempore
1807 3282 1897 3332 est

150 3366 463 3434 dominata,
495 3369 568 3425 de
611 3368 798 3426 altero
837 3371 1093 3444 quodam
1130 3371 1396 3427 Deorum
1442 3372 1732 3438 examine,
1769 3391 1899 3446 pra-

149 3478 352 3517 vorum
396 3462 640 3529 scilicet,
685 3471 746 3519 et
791 3483 926 3520 cum
968 3463 1294 3539 Olympicis
1338 3464 1621 3521 acerrimo
1666 3484 1899 3539 semper

876 3593 894 3617 ἔ
925 3585 1014 3629 Od.
1036 3586 1065 3629 i.
1089 3585 1160 3638 48.
