2320 4126
398 212 508 263 228
823 210 1024 280 [Mys-ses
1048 210 1308 263 mendicus
1333 209 1521 281 optime
1545 209 1791 280 emprimit
1903 191 2063 260 PnAEL.
2087 227 2198 260 xw.

398 357 732 427 videbatur,
756 356 1039 435 Ulyssem
1072 377 1263 415 unum
1295 362 1497 415 tantas
1529 356 1642 414 sibi
1673 374 1818 433 opes
1854 375 2196 434 congerere,

397 463 652 532 quantas
682 455 984 532 accepisse
1014 455 1091 513 ab
1123 444 1302 513 AEolo
1333 473 1473 512 eum
1505 443 1953 512 autumabantf.
2041 453 2199 510 The-

398 574 601 613 sauros
648 555 852 630 itaque
893 555 948 610 vi
996 554 1342 630 resignant:
1390 558 1561 610 erant
1606 559 1814 610 autem
1861 552 2015 610 sacci
2058 571 2200 609 ven-

397 658 616 720 torum,
670 672 790 709 non
845 670 1274 709 nummorum:
1346 651 1507 708 unde
1559 657 1654 708 tot
1704 649 1988 728 pericula,
2043 649 2199 706 tanti

396 752 630 810 labores
666 751 838 809 irriti.
904 750 1024 808 Sed
1056 741 1436 828 agnoscimus
1466 739 1679 826 utique
1719 756 1998 808 naturam
2035 749 2202 806 labo-

395 851 564 908 riosae
587 849 805 926 plebis,
836 861 1088 925 pronam
1124 849 1187 906 in
1218 867 1489 906 rumores
1520 848 1832 924 ejusmodi.

483 946 649 1004 Hinc
700 966 823 1004 non
876 946 1065 1004 semel
1125 946 1429 1023 explicare
1481 955 1646 1004 amat
1708 945 1921 1013 Poeta,
1981 944 2200 1021 quibus

395 1046 646 1123 argutiis
677 1046 825 1103 vafri
858 1042 1135 1126 homines
1177 1044 1411 1103 soleant
1448 1051 1759 1121 utcunque
1787 1063 1883 1102 res
1914 1050 2198 1120 angustas

395 1143 507 1200 sibi
569 1150 940 1220 temperare:
1019 1158 1151 1220 quae
1213 1150 1305 1201 est
1365 1139 1600 1220 Ulyssis
1659 1142 1819 1218 apud
1880 1140 2199 1199 Eumaeum

395 1241 659 1311 solertia,
719 1250 900 1301 nocte
961 1243 1330 1320 intempesta
1395 1241 1725 1319 stragulam
1791 1239 1904 1299 sibi
1965 1247 2196 1298 vestem

394 1341 800 1417 comparantis
814 1350 858 1398 g.
896 1339 1162 1399 Accedit
1186 1341 1371 1399 etiam
1398 1339 1621 1415 (dicam
1645 1340 1828 1409 enim,
1854 1357 2198 1416 quanquam

394 1458 488 1497 res
559 1440 813 1498 minima
886 1440 981 1509 sit,
1043 1440 1328 1516 quoniam
1390 1459 1468 1498 ex
1527 1438 1794 1496 minimis
1854 1446 1918 1496 et
1976 1438 2199 1496 infimis

395 1539 625 1615 optime
673 1539 986 1617 judicatur
1044 1529 1391 1616 hujusmodi
1446 1538 1721 1615 quaestio)
1775 1537 1938 1613 quod
1998 1536 2196 1594 eidem

394 1637 577 1716 longo
643 1646 781 1715 post
847 1645 1124 1715 tempore
1195 1638 1545 1715 Penelopen
1604 1635 1853 1694 tandem
1912 1637 2197 1704 revisum,

398 1737 568 1794 venit
598 1738 658 1794 in
693 1744 967 1796 mentem
992 1756 1205 1795 cavere
1227 1756 1305 1794 ne
1330 1738 1442 1796 sibi
1475 1734 1639 1811 (nam
1672 1734 1859 1812 frigus
1890 1737 2043 1813 erat)
2076 1755 2197 1793 non

394 1841 537 1894 ante
561 1836 765 1895 focum
798 1837 971 1895 sedes
995 1832 1294 1895 dareturh.

646 2029 868 2041 ........
885 1996 1190 2053 Πηνελοπείαν
1211 1996 1274 2041 ἐνὶ
1294 1997 1556 2056 μεγάροισιν
1577 1997 1742 2058 ἄνωχθι

637 2071 795 2127 μεῖναι,
819 2069 1103 2129 ἐπειγομένην
1124 2089 1223 2129 περ,
1248 2070 1292 2117 ἐς
1313 2069 1467 2128 ἠέλιον
1487 2069 1743 2118 καταδύντα·

638 2144 709 2188 καὶ
730 2146 832 2189 τότε
851 2143 894 2202 μ’
918 2145 1107 2203 εἰρέσθω
1128 2147 1289 2191 πόσιος
1308 2147 1410 2205 περὶ
1431 2148 1642 2205 νόστιμον
1662 2146 1794 2206 ἦμαρ,

638 2218 876 2278 ἀσσοτέρω
899 2219 1125 2264 καθίσασα
1146 2220 1282 2278 παραὶ
1303 2220 1423 2279 πυρί·
1457 2219 1610 2279 εἵματα
1629 2222 1716 2281 γάρ
1737 2240 1806 2267 τοι

636 2290 767 2352 λύγρ’
790 2293 895 2352 ἔχω·
931 2289 1066 2339 οἶσθα
1088 2294 1157 2337 καὶ
1179 2294 1323 2347 αὐτὸς,
1348 2295 1443 2339 ἐπεί
1464 2315 1519 2340 σε
1539 2294 1679 2354 πρῶθ’
1703 2295 1920 2342 ἱκέτευσα.

482 2439 695 2518 Atque
734 2442 851 2499 hoc
888 2441 1024 2500 loco
1071 2462 1206 2501 eam
1239 2443 1550 2521 Odysseiae
1587 2450 1824 2521 partem
1862 2444 2195 2522 attigimus,

396 2540 567 2617 cujus
598 2559 719 2618 prae
750 2542 987 2600 caeteris
1018 2542 1355 2601 habendam
1390 2562 1520 2602 esse
1550 2544 1846 2601 rationem
1871 2563 2052 2601 nemo
2075 2563 2196 2601 non

395 2641 580 2710 videt,
622 2660 761 2699 cum
801 2640 877 2698 de
921 2640 1296 2718 plebeiorum
1342 2651 1404 2700 et
1449 2659 1783 2719 pauperum
1823 2641 2091 2700 moribus
2127 2643 2199 2699 fit

395 2738 671 2814 quaestio.
763 2736 1074 2796 Nimirum
1106 2759 1244 2797 cum
1280 2743 1371 2816 eoJ
1392 2760 1486 2798 res
1518 2740 1860 2809 devenerat,
1890 2748 1961 2798 ut
1993 2739 2198 2818 Ulyssi

395 2837 690 2896 mutanda
721 2844 880 2895 esset
922 2829 1192 2915 persona,
1223 2846 1286 2897 et
1323 2846 1465 2897 ante
1503 2838 1688 2897 Lares
1718 2858 1875 2908 SUOS,
1906 2849 2197 2916 tanquam

396 2936 695 3004 mendicO‚
756 2954 970 2994 manus
1030 2938 1106 2995 ad
1167 2938 1386 3014 stipem
1447 2937 1840 3014 porrigenda;
1907 2937 2196 2995 continuo

398 3035 567 3113 quasi
618 3041 832 3093 nactus
885 3036 1262 3093 occasionem
1316 3042 1589 3113 optatam
1643 3034 1950 3094 Homerus
2009 3036 2198 3094 libere

398 3135 538 3193 ferri
592 3135 714 3193 suis
763 3134 827 3191 in
875 3135 1115 3211 spatiis:
1180 3153 1513 3211 pauperum
1568 3153 1758 3203 curas,
1807 3135 2030 3212 epulas,
2080 3154 2200 3193 ser-

397 3253 625 3302 mones,
658 3233 805 3310 quin
835 3240 898 3291 et
930 3233 1195 3292 convitia
1226 3252 1523 3309 vocesque
1568 3240 1877 3310 protervas
1908 3254 2027 3292 non
2070 3235 2198 3292 sine

400 3332 714 3409 voluptate
733 3333 992 3409 quadam
1010 3332 1283 3408 exsequi:
1306 3332 1525 3390 morari
1545 3333 1702 3390 circa
1722 3332 1924 3390 focum
1938 3332 2198 3391 Eumaei:

398 3432 459 3487 in
505 3432 756 3489 minima
801 3450 1039 3507 quaque
1084 3451 1149 3489 re
1193 3451 1457 3509 gnavum
1496 3431 1839 3508 agilemque
1878 3450 2007 3489 sese
2051 3451 2198 3507 prae-

566 3645 656 3690 Od.
681 3662 724 3689 x.
748 3661 823 3704 34.
1170 3655 1195 3685 g
1226 3648 1444 3706 xiv.·459.
1791 3647 1809 3671 ¹¹
1840 3646 1946 3692 xvii.
1970 3647 2074 3704 569.
