2320 4126
1678 113 1741 158 2.

354 238 463 295 198
515 237 771 290 Homerus
796 236 858 290 de
883 238 982 289 otio
1007 236 1252 299 Deorum,
1270 234 1546 305 pulchrior
1568 234 1827 287 Lucretio,
1870 252 2032 287 PRAEL.
2053 253 2148 287 ΧΠ.

356 381 625 441 Videtur
669 382 875 439 durius
920 382 1121 439 nescio
1168 380 1469 456 quomodo
1511 380 1672 437 hunc
1709 385 1803 437 tot
1847 379 2151 439 laboribus

353 481 637 547 exerceri,
684 480 924 555 quando
971 480 1302 537 certissime
1355 477 1694 535 ominamur
1738 476 1900 535 illius
1943 477 2150 536 laetam

356 584 419 635 et
451 586 742 635 aeternam
774 577 1064 653 requiem.

443 676 624 746 Quid,
686 677 846 752 quod
908 675 1203 752 ejusmodi
1264 675 1457 731 otium
1520 672 1654 731 Diis
1712 692 1952 750 quoque
2010 673 2153 750 ipsis

355 783 596 851 gratum
629 779 1071 848 acceptumque
1103 771 1554 830 demonstretq'Z

594 888 653 932 ‘H
675 889 755 946 μὲν
776 887 842 952 ἄρ’
867 889 924 934 ὣς
945 886 1115 932 εἷποῦσ’
1139 887 1281 945 ,ἀπέβη
1303 890 1555 947 γλαυκῶπις
1573 885 1734 944 Ἀθήνη

597 961 893 1019 Οὔλυμπόνδ’,
918 961 989 1005 ὅθι
1011 962 1130 1020 φασὶ
1153 961 1264 1007 θεῶν
1286 961 1383 1008 ἕδος
1403 961 1612 1021 ἀσφαλὲς
1632 961 1715 1005 αἰεὶ

593 1037 785 1094 ἔμμεναι·
820 1034 909 1081 οὔτ’
933 1035 1136 1094 ἀνέμοισι
1159 1036 1431 1089 τινάσσεται,
1453 1038 1556 1082 οὔτε
1574 1034 1670 1083 ποτ’
1694 1033 1848 1099 ὄμβρῳ

593 1107 776 1162 δεύεται,
800 1113 899 1153 οὔτε
920 1111 1030 1167 χιὼν
1052 1109 1343 1159 ἐπιπίλναται·
1377 1109 1496 1154 ἀλλὰ
1516 1108 1618 1168 μάλ’
1642 1107 1769 1168 αἴθρη

592 1183 807 1233 πέπταται
829 1183 1063 1242 ἀνέφελος,
1085 1183 1218 1241 λευκὴ
1242 1183 1278 1228 δ’
1304 1183 1589 1243 ἐπιδέδρομεν
1609 1182 1757 1243 αἵγλη’

594 1260 655 1318 τῷ
678 1258 741 1302 ε’νὶ
763 1257 997 1317 τέρπονται
1017 1257 1208 1317 μάκαρες
1229 1257 1322 1302 θεοὶ
1343 1260 1486 1316 ἤματα
1505 1258 1663 1304 πάντα.

354 1355 522 1425 Quae,
555 1364 623 1412 ut
655 1355 851 1413 obiter
880 1354 1376 1424 animadvertam,
1407 1356 1495 1413 ita
1524 1361 1767 1414 secutus
1797 1359 1890 1412 est
1928 1352 2154 1411 Lucre·-

354 1454 493 1523 tius,
529 1461 595 1511 ut
625 1473 755 1511 rem
787 1454 1060 1510 omnium
1096 1453 1564 1530 pulcherrimam
1594 1473 1673 1511 ne
1697 1453 1881 1511 verbo
1905 1452 2153 1529 quidem

355 1572 463 1611 suo
495 1553 930 1631 aggrederetur
964 1553 1321 1629 exprimere.

596 1668 799 1726 Apparet
821 1667 995 1712 Divum
1016 1682 1204 1720 numen,
1228 1667 1447 1727 sedesque
1469 1668 1649 1727 quietae,

602 1743 730 1791 Quas
751 1757 900 1801 neque
922 1741 1191 1791 concutiunt
1209 1742 1348 1794 venti,
1370 1756 1518 1801 neque
1538 1741 1698 1786 nubila
1716 1739 1885 1785 nimbis

598 1816 909 1875 Adspergunt,
924 1830 1080 1875 neque
1101 1815 1180 1860 nix
1202 1815 1294 1859 acri
1315 1823 1525 1860 concreta
1544 1815 1708 1873 pruina

600 1889 726 1934 Cana
748 1889 914 1934 cadens
936 1889 1102 1934 violat:
1138 1904 1403 1951 semperque
1423 1889 1660 1938 innubilus
1681 1887 1823 1939 aether

599 1963 785 2022 Integit,
807 1970 851 2008 et
871 1965 997 2022 large
1021 1962 1189 2008 diffuso
1210 1963 1383 2008 lumine
1403 1963 1535 2008 ridet.

356 2062 606 2140 Optime
659 2081 834 2120 sane:
882 2080 1093 2119 verum
1138 2060 1289 2119 illud
1334 2081 1456 2119 non
1501 2069 1594 2119 est
1634 2079 1813 2119 ausus
1852 2062 2152 2139 attingere

355 2161 692 2229 Lucretius,
739 2180 859 2241 quo
904 2159 1249 2217 felicissime
1294 2160 1570 2236 depinxit
1614 2168 1820 2222 noster
1871 2167 2149 2219 aestatem
2195 2220 2215 2237 .

355 2280 537 2337 quam
568 2266 787 2318 vocant
819 2259 1131 2335 liquidam,
1162 2259 1291 2334 ipsa
1318 2260 1606 2323 meridie:

601 2411 882 2423 ..........
896 2376 1029 2433 λευκὴ
1053 2375 1089 2420 δ’
1113 2375 1397 2434 ἐπιδέδρομεν
1417 2374 1565 2435 αἴγλη.

356 2481 431 2539 Ι(1
475 2482 724 2540 fortasse
769 2501 891 2539 non
936 2488 1064 2539 erat
1110 2482 1249 2560 styli
1288 2482 1583 2540 Romani:
1631 2488 1797 2540 certe
1839 2481 2149 2558 haudqua-

355 2601 537 2657 quam
569 2581 763 2639 simile
794 2588 902 2648 est,
935 2588 1041 2639 aut
1063 2581 1416 2649 secundum,
1448 2582 1610 2658 quod
1646 2582 1774 2658 ejus
1805 2582 1939 2639 vice
1981 2579 2150 2643 adhi-

355 2680 489 2738 buit
522 2679 859 2749 LucretiUS,
893 2688 929 2712 “
954 2679 1191 2742 Diffuso
1223 2680 1453 2738 lumine
1482 2679 1692 2744 ridet.’'

443 2884 680 2943 Verum
711 2886 786 2942 ad
825 2904 955 2942 rem
995 2886 1365 2961 propositam
1409 2886 1741 2943 redeamus
1831 2881 2040 2941 Habet
2085 2888 2149 2940 et
2207 2897 2209 2899 ’

352 2982 459 3041 illa
510 3003 647 3058 quae
697 2983 919 3041 dicitur
971 2983 1356 3051 νεκυομαντεία
1401 3003 1520 3040 11011
1567 2982 1765 3040 levem
1810 2980 2160 3059 ingruentis

355 3088 612 3139 senectae
644 3082 1162 3158 significationem,
1195 3082 1501 3158 animique
1540 3101 1662 3139 11011
1702 3079 1973 3157 paullum
2014 3099 2140 3142 mu—

356 3179 470 3237 tati
503 3180 579 3236 ab
610 3179 715 3236 illo
747 3180 848 3255 qui
878 3180 941 3235 in
972 3178 1164 3237 Iliade
1187 3187 1559 3256 regnaverat.
1606 3178 1880 3236 Mortem
1904 3178 2148 3254 penitus

355 3277 561 3335 horret
583 3277 945 3355 refugitque,
965 3278 1132 3354 quasi
1156 3277 1438 3354 frigidum
1462 3276 1781 3352 quoddam,
1806 3273 2144 3343 inamabile,

356 3376 718 3434 luctuosum.
810 3376 974 3445 Quin
1027 3395 1102 3434 ex
1163 3375 1348 3452 ipsius
1395 3373 1656 3433 Achillis
1713 3394 1967 3452 persona
2024 3393 2146 3432 non

358 3473 598 3534 dubitat
656 3493 727 3531 ea
786 3473 1069 3550 proferre,
1121 3494 1256 3550 quae
1314 3473 1556 3535 Platoni
1609 3474 1735 3532 visa
1793 3479 1936 3534 sunt
1994 3471 2144 3533 adeo

1088 3648 1105 3672 ‘¹
1140 3640 1230 3684 Od.
1253 3640 1311 3685 vi.
1336 3655 1409 3695 41.
