<?xml version="1.0" encoding="UTF-8"?>
<!DOCTYPE html PUBLIC "-//W3C//DTD XHTML 1.0 Transitional//EN"
    "http://www.w3.org/TR/xhtml1/DTD/xhtml1-transitional.dtd">
<html xmlns="http://www.w3.org/1999/xhtml" xml:lang="en" lang="en">
 <head>
  <title>
</title>
<meta http-equiv="Content-Type" content="text/html;charset=utf-8" />
  <meta name='ocr-system' content='tesseract 3.04.00' />
  <meta name='ocr-capabilities' content='ocr_page ocr_carea ocr_par ocr_line ocrx_word'/>
</head>
<body>
  <div class='ocr_page' id='page_1' title='image "./a588873901kebluoft_0301.png"; bbox 0 0 2320 4126; ppageno 0'>
   <div class='ocr_carea' id='block_1_1' title="bbox 127 251 1975 323">
    <p class='ocr_par' dir='ltr' id='par_1_1' title="bbox 127 251 1975 323">
     <span class='ocr_line' id='line_1_1' title="bbox 127 251 1975 323; baseline -0.001 -17"><span class='ocrx_word' id='word_1_1' title='bbox 127 274 148 292; x_wconf 62' lang='grc'><strong><em>&lt;</em></strong></span> <span class='ocrx_word' id='word_1_2' title='bbox 192 273 353 307; x_wconf 52' lang='lat' dir='ltr'>PRAEL,</span> <span class='ocrx_word' id='word_1_3' title='bbox 372 270 501 307; x_wconf 84' lang='lat' dir='ltr'>xvn.</span> <span class='ocrx_word' id='word_1_4' title='bbox 553 255 634 305; x_wconf 73' lang='lat' dir='ltr'>De</span> <span class='ocrx_word' id='word_1_5' title='bbox 656 253 879 323; x_wconf 64' lang='lat' dir='ltr'>simplici</span> <span class='ocrx_word' id='word_1_6' title='bbox 902 251 1226 305; x_wconf 74' lang='lat' dir='ltr'>Fabularum</span> <span class='ocrx_word' id='word_1_7' title='bbox 1250 253 1354 319; x_wconf 63' lang='lat' dir='ltr'>qy&#39;us</span> <span class='ocrx_word' id='word_1_8' title='bbox 1378 253 1585 304; x_wconf 71' lang='lat' dir='ltr'>ratione.</span> <span class='ocrx_word' id='word_1_9' title='bbox 1686 252 1689 254; x_wconf 77' lang='grc'><strong>’</strong></span> <span class='ocrx_word' id='word_1_10' title='bbox 1841 257 1944 310; x_wconf 73' lang='lat'>5291</span> <span class='ocrx_word' id='word_1_11' title='bbox 1972 278 1975 281; x_wconf 47' lang='lat'><strong>⁴</strong></span> 
     </span>
    </p>
   </div>
   <div class='ocr_carea' id='block_1_2' title="bbox 184 389 1953 3145">
    <p class='ocr_par' dir='ltr' id='par_1_2' title="bbox 187 389 1953 1024">
     <span class='ocr_line' id='line_1_2' title="bbox 193 389 1947 470; baseline -0.001 -18"><span class='ocrx_word' id='word_1_12' title='bbox 193 394 395 452; x_wconf 87' lang='lat' dir='ltr'>Nimis</span> <span class='ocrx_word' id='word_1_13' title='bbox 444 395 558 452; x_wconf 87' lang='lat' dir='ltr'>erit</span> <span class='ocrx_word' id='word_1_14' title='bbox 614 395 848 468; x_wconf 79' lang='lat' dir='ltr'>iniquus</span> <span class='ocrx_word' id='word_1_15' title='bbox 906 393 1144 470; x_wconf 83' lang='lat' dir='ltr'>egregio</span> <span class='ocrx_word' id='word_1_16' title='bbox 1198 389 1423 460; x_wconf 87' lang='lat' dir='ltr'>Poetae,</span> <span class='ocrx_word' id='word_1_17' title='bbox 1475 393 1812 467; x_wconf 81' lang='lat' dir='ltr'>quicunque</span> <span class='ocrx_word' id='word_1_18' title='bbox 1871 413 1947 450; x_wconf 86' lang='lat' dir='ltr'>ex</span> 
     </span>
     <span class='ocr_line' id='line_1_3' title="bbox 190 488 1947 548; baseline -0.001 -1"><span class='ocrx_word' id='word_1_19' title='bbox 190 489 401 547; x_wconf 89' lang='lat' dir='ltr'>horum</span> <span class='ocrx_word' id='word_1_20' title='bbox 440 492 791 548; x_wconf 40' lang='lat' dir='ltr'>*carminum</span> <span class='ocrx_word' id='word_1_21' title='bbox 850 499 1055 547; x_wconf 90' lang='lat' dir='ltr'>tenore</span> <span class='ocrx_word' id='word_1_22' title='bbox 1114 488 1352 545; x_wconf 78' lang='lat' dir='ltr'>desidiae</span> <span class='ocrx_word' id='word_1_23' title='bbox 1411 506 1550 544; x_wconf 90' lang='lat' dir='ltr'>eum</span> <span class='ocrx_word' id='word_1_24' title='bbox 1606 488 1947 545; x_wconf 80' lang='lat' dir='ltr'>insimulare</span> 
     </span>
     <span class='ocr_line' id='line_1_4' title="bbox 188 585 1950 661; baseline -0.001 -18"><span class='ocrx_word' id='word_1_25' title='bbox 188 586 447 643; x_wconf 80' lang='lat' dir='ltr'>audebit.</span> <span class='ocrx_word' id='word_1_26' title='bbox 535 586 695 654; x_wconf 82' lang='lat' dir='ltr'>Quin</span> <span class='ocrx_word' id='word_1_27' title='bbox 731 587 928 661; x_wconf 88' lang='lat' dir='ltr'>potius</span> <span class='ocrx_word' id='word_1_28' title='bbox 971 585 1154 641; x_wconf 90' lang='lat' dir='ltr'>nimia</span> <span class='ocrx_word' id='word_1_29' title='bbox 1193 603 1334 641; x_wconf 88' lang='lat' dir='ltr'>cura</span> <span class='ocrx_word' id='word_1_30' title='bbox 1368 603 1642 660; x_wconf 79' lang='lat' dir='ltr'>peccasse</span> <span class='ocrx_word' id='word_1_31' title='bbox 1674 585 1950 652; x_wconf 86' lang='lat' dir='ltr'>dixerim,</span> 
     </span>
     <span class='ocr_line' id='line_1_5' title="bbox 190 678 1953 756; baseline -0.001 -18"><span class='ocrx_word' id='word_1_32' title='bbox 190 684 290 756; x_wconf 93' lang='lat' dir='ltr'>qui</span> <span class='ocrx_word' id='word_1_33' title='bbox 319 701 447 738; x_wconf 92' lang='lat' dir='ltr'>mos</span> <span class='ocrx_word' id='word_1_34' title='bbox 477 688 567 738; x_wconf 88' lang='lat' dir='ltr'>est</span> <span class='ocrx_word' id='word_1_35' title='bbox 596 700 818 748; x_wconf 89' lang='lat' dir='ltr'>eorum,</span> <span class='ocrx_word' id='word_1_36' title='bbox 847 683 948 755; x_wconf 90' lang='lat' dir='ltr'>qui</span> <span class='ocrx_word' id='word_1_37' title='bbox 979 681 1155 737; x_wconf 90' lang='lat' dir='ltr'>rebus</span> <span class='ocrx_word' id='word_1_38' title='bbox 1184 680 1359 736; x_wconf 89' lang='lat' dir='ltr'>unice</span> <span class='ocrx_word' id='word_1_39' title='bbox 1389 681 1624 748; x_wconf 83' lang='lat' dir='ltr'>intenti,</span> <span class='ocrx_word' id='word_1_40' title='bbox 1649 678 1723 736; x_wconf 90' lang='lat' dir='ltr'>de</span> <span class='ocrx_word' id='word_1_41' title='bbox 1755 681 1953 737; x_wconf 25' lang='lat' dir='ltr'>verbis*</span> 
     </span>
     <span class='ocr_line' id='line_1_6' title="bbox 189 776 1947 852; baseline -0.002 -18"><span class='ocrx_word' id='word_1_42' title='bbox 189 778 566 852; x_wconf 80' lang='lat' dir='ltr'>numerisque</span> <span class='ocrx_word' id='word_1_43' title='bbox 602 777 892 834; x_wconf 84' lang='lat' dir='ltr'>variandis</span> <span class='ocrx_word' id='word_1_44' title='bbox 921 795 1000 832; x_wconf 49' lang='lat' dir='ltr'>ne*</span> <span class='ocrx_word' id='word_1_45' title='bbox 1028 777 1294 852; x_wconf 84' lang='lat' dir='ltr'>cogitant</span> <span class='ocrx_word' id='word_1_46' title='bbox 1325 776 1600 850; x_wconf 90' lang='lat' dir='ltr'>quidem:</span> <span class='ocrx_word' id='word_1_47' title='bbox 1645 776 1704 832; x_wconf 93' lang='lat' dir='ltr'>id</span> <span class='ocrx_word' id='word_1_48' title='bbox 1743 784 1947 851; x_wconf 86' lang='lat' dir='ltr'>agunt,</span> 
     </span>
     <span class='ocr_line' id='line_1_7' title="bbox 188 870 1950 948; baseline -0.001 -20"><span class='ocrx_word' id='word_1_49' title='bbox 188 873 249 928; x_wconf 90' lang='lat' dir='ltr'>in</span> <span class='ocrx_word' id='word_1_50' title='bbox 280 891 351 929; x_wconf 91' lang='lat' dir='ltr'>eo</span> <span class='ocrx_word' id='word_1_51' title='bbox 382 881 534 940; x_wconf 91' lang='lat' dir='ltr'>sunt,</span> <span class='ocrx_word' id='word_1_52' title='bbox 567 881 634 930; x_wconf 92' lang='lat' dir='ltr'>ut</span> <span class='ocrx_word' id='word_1_53' title='bbox 673 873 847 948; x_wconf 88' lang='lat' dir='ltr'>plene</span> <span class='ocrx_word' id='word_1_54' title='bbox 878 891 945 929; x_wconf 88' lang='lat' dir='ltr'>ac</span> <span class='ocrx_word' id='word_1_55' title='bbox 986 870 1170 929; x_wconf 89' lang='lat' dir='ltr'>libere</span> <span class='ocrx_word' id='word_1_56' title='bbox 1200 871 1341 946; x_wconf 90' lang='lat' dir='ltr'>quid</span> <span class='ocrx_word' id='word_1_57' title='bbox 1382 871 1491 928; x_wconf 91' lang='lat' dir='ltr'>sibi</span> <span class='ocrx_word' id='word_1_58' title='bbox 1523 871 1709 928; x_wconf 88' lang='lat' dir='ltr'>velint</span> <span class='ocrx_word' id='word_1_59' title='bbox 1753 872 1950 947; x_wconf 88' lang='lat' dir='ltr'>expri-</span> 
     </span>
     <span class='ocr_line' id='line_1_8' title="bbox 187 975 374 1024; baseline 0 0"><span class='ocrx_word' id='word_1_60' title='bbox 187 975 374 1024; x_wconf 88' lang='lat' dir='ltr'>mant.</span> 
     </span>
    </p>

    <p class='ocr_par' dir='ltr' id='par_1_3' title="bbox 184 1062 1952 2079">
     <span class='ocr_line' id='line_1_9' title="bbox 269 1062 1949 1138; baseline 0 -19"><span class='ocrx_word' id='word_1_61' title='bbox 269 1062 424 1129; x_wconf 87' lang='lat' dir='ltr'>Jam,</span> <span class='ocrx_word' id='word_1_62' title='bbox 483 1065 641 1138; x_wconf 92' lang='lat' dir='ltr'>quod</span> <span class='ocrx_word' id='word_1_63' title='bbox 698 1063 1071 1121; x_wconf 78' lang='lat' dir='ltr'>historiarum</span> <span class='ocrx_word' id='word_1_64' title='bbox 1131 1063 1411 1120; x_wconf 89' lang='lat' dir='ltr'>decursus</span> <span class='ocrx_word' id='word_1_65' title='bbox 1477 1062 1801 1137; x_wconf 80' lang='lat' dir='ltr'>simplicior</span> <span class='ocrx_word' id='word_1_66' title='bbox 1857 1070 1949 1120; x_wconf 83' lang='lat' dir='ltr'>est·</span> 
     </span>
     <span class='ocr_line' id='line_1_10' title="bbox 188 1159 1952 1234; baseline -0.001 -19"><span class='ocrx_word' id='word_1_67' title='bbox 188 1178 365 1234; x_wconf 89' lang='lat' dir='ltr'>quam</span> <span class='ocrx_word' id='word_1_68' title='bbox 395 1159 702 1228; x_wconf 84' lang='lat' dir='ltr'>subtilior3</span> <span class='ocrx_word' id='word_1_69' title='bbox 746 1161 902 1234; x_wconf 91' lang='lat' dir='ltr'>quod</span> <span class='ocrx_word' id='word_1_70' title='bbox 934 1160 995 1215; x_wconf 89' lang='lat' dir='ltr'>in</span> <span class='ocrx_word' id='word_1_71' title='bbox 1025 1160 1389 1234; x_wconf 84' lang='lat' dir='ltr'>paucissimis</span> <span class='ocrx_word' id='word_1_72' title='bbox 1431 1159 1781 1234; x_wconf 86' lang='lat' dir='ltr'>plerumque</span> <span class='ocrx_word' id='word_1_73' title='bbox 1818 1179 1952 1234; x_wconf 85' lang='lat' dir='ltr'>per-</span> 
     </span>
     <span class='ocr_line' id='line_1_11' title="bbox 184 1253 1948 1331; baseline 0 -19"><span class='ocrx_word' id='word_1_74' title='bbox 184 1256 342 1313; x_wconf 91' lang='lat' dir='ltr'>sonis</span> <span class='ocrx_word' id='word_1_75' title='bbox 373 1256 624 1312; x_wconf 87' lang='lat' dir='ltr'>vertitur</span> <span class='ocrx_word' id='word_1_76' title='bbox 651 1256 955 1312; x_wconf 80' lang='lat' dir='ltr'>immensae</span> <span class='ocrx_word' id='word_1_77' title='bbox 981 1257 1064 1311; x_wconf 88' lang='lat' dir='ltr'>rei</span> <span class='ocrx_word' id='word_1_78' title='bbox 1097 1253 1446 1322; x_wconf 70' lang='lat' dir='ltr'>discrimem</span> <span class='ocrx_word' id='word_1_79' title='bbox 1477 1255 1635 1329; x_wconf 91' lang='lat' dir='ltr'>quod</span> <span class='ocrx_word' id='word_1_80' title='bbox 1665 1255 1948 1331; x_wconf 85' lang='lat' dir='ltr'>languere</span> 
     </span>
     <span class='ocr_line' id='line_1_12' title="bbox 186 1351 1945 1426; baseline 0 -18"><span class='ocrx_word' id='word_1_81' title='bbox 186 1351 337 1408; x_wconf 91' lang='lat' dir='ltr'>solet</span> <span class='ocrx_word' id='word_1_82' title='bbox 365 1353 521 1426; x_wconf 88' lang='lat' dir='ltr'>apud</span> <span class='ocrx_word' id='word_1_83' title='bbox 550 1351 896 1426; x_wconf 85' lang='lat' dir='ltr'>AEschylum</span> <span class='ocrx_word' id='word_1_84' title='bbox 927 1370 1130 1408; x_wconf 88' lang='lat' dir='ltr'>cursus</span> <span class='ocrx_word' id='word_1_85' title='bbox 1161 1351 1430 1418; x_wconf 74' lang='lat' dir='ltr'>fortunae,</span> <span class='ocrx_word' id='word_1_86' title='bbox 1461 1369 1655 1425; x_wconf 91' lang='lat' dir='ltr'>neque</span> <span class='ocrx_word' id='word_1_87' title='bbox 1685 1351 1945 1408; x_wconf 90' lang='lat' dir='ltr'>multum</span> 
     </span>
     <span class='ocr_line' id='line_1_13' title="bbox 186 1446 1950 1522; baseline -0.001 -18"><span class='ocrx_word' id='word_1_88' title='bbox 186 1447 416 1504; x_wconf 91' lang='lat' dir='ltr'>casibus</span> <span class='ocrx_word' id='word_1_89' title='bbox 460 1454 522 1504; x_wconf 93' lang='lat' dir='ltr'>et</span> <span class='ocrx_word' id='word_1_90' title='bbox 565 1446 1044 1504; x_wconf 86' lang='lat' dir='ltr'>conversionibus</span> <span class='ocrx_word' id='word_1_91' title='bbox 1075 1447 1368 1503; x_wconf 87' lang='lat' dir='ltr'>variatur:</span> <span class='ocrx_word' id='word_1_92' title='bbox 1414 1466 1485 1503; x_wconf 93' lang='lat' dir='ltr'>eo</span> <span class='ocrx_word' id='word_1_93' title='bbox 1528 1448 1826 1522; x_wconf 90' lang='lat' dir='ltr'>pertinere</span> <span class='ocrx_word' id='word_1_94' title='bbox 1863 1448 1950 1503; x_wconf 86' lang='lat' dir='ltr'>vi-</span> 
     </span>
     <span class='ocr_line' id='line_1_14' title="bbox 187 1542 1949 1619; baseline 0.001 -19"><span class='ocrx_word' id='word_1_95' title='bbox 187 1544 402 1600; x_wconf 89' lang='lat' dir='ltr'>dentur</span> <span class='ocrx_word' id='word_1_96' title='bbox 430 1545 504 1601; x_wconf 89' lang='lat' dir='ltr'>ad</span> <span class='ocrx_word' id='word_1_97' title='bbox 535 1563 719 1600; x_wconf 90' lang='lat' dir='ltr'>unum</span> <span class='ocrx_word' id='word_1_98' title='bbox 751 1543 963 1611; x_wconf 90' lang='lat' dir='ltr'>omnia,</span> <span class='ocrx_word' id='word_1_99' title='bbox 992 1551 1062 1599; x_wconf 91' lang='lat' dir='ltr'>ut</span> <span class='ocrx_word' id='word_1_100' title='bbox 1091 1543 1356 1600; x_wconf 92' lang='lat' dir='ltr'>indicent</span> <span class='ocrx_word' id='word_1_101' title='bbox 1388 1542 1750 1619; x_wconf 82' lang='lat' dir='ltr'>Scriptorem</span> <span class='ocrx_word' id='word_1_102' title='bbox 1775 1564 1949 1601; x_wconf 91' lang='lat' dir='ltr'>usum</span> 
     </span>
     <span class='ocr_line' id='line_1_15' title="bbox 186 1638 1950 1714; baseline 0 -20"><span class='ocrx_word' id='word_1_103' title='bbox 186 1638 338 1714; x_wconf 88' lang='lat' dir='ltr'>stylo</span> <span class='ocrx_word' id='word_1_104' title='bbox 368 1658 487 1695; x_wconf 92' lang='lat' dir='ltr'>non</span> <span class='ocrx_word' id='word_1_105' title='bbox 516 1638 664 1695; x_wconf 89' lang='lat' dir='ltr'>adeo</span> <span class='ocrx_word' id='word_1_106' title='bbox 694 1638 886 1705; x_wconf 80' lang='lat' dir='ltr'>facili3</span> <span class='ocrx_word' id='word_1_107' title='bbox 929 1657 1252 1713; x_wconf 85' lang='lat' dir='ltr'>paucorum</span> <span class='ocrx_word' id='word_1_108' title='bbox 1282 1640 1720 1713; x_wconf 88' lang='lat' dir='ltr'>quodammodo</span> <span class='ocrx_word' id='word_1_109' title='bbox 1756 1639 1950 1695; x_wconf 89' lang='lat' dir='ltr'>homi-</span> 
     </span>
     <span class='ocr_line' id='line_1_16' title="bbox 185 1734 1946 1809; baseline -0.001 -16"><span class='ocrx_word' id='word_1_110' title='bbox 185 1752 347 1799; x_wconf 89' lang='lat' dir='ltr'>num,</span> <span class='ocrx_word' id='word_1_111' title='bbox 408 1753 729 1809; x_wconf 88' lang='lat' dir='ltr'>paucarum</span> <span class='ocrx_word' id='word_1_112' title='bbox 781 1735 958 1791; x_wconf 85' lang='lat' dir='ltr'>fuisse</span> <span class='ocrx_word' id='word_1_113' title='bbox 1009 1751 1240 1790; x_wconf 82' lang='lat' dir='ltr'>rerum:</span> <span class='ocrx_word' id='word_1_114' title='bbox 1308 1753 1453 1809; x_wconf 89' lang='lat' dir='ltr'>quos</span> <span class='ocrx_word' id='word_1_115' title='bbox 1511 1742 1713 1791; x_wconf 89' lang='lat' dir='ltr'>autem</span> <span class='ocrx_word' id='word_1_116' title='bbox 1761 1734 1946 1791; x_wconf 89' lang='lat' dir='ltr'>semel</span> 
     </span>
     <span class='ocr_line' id='line_1_17' title="bbox 187 1827 1949 1904; baseline 0.001 -20"><span class='ocrx_word' id='word_1_117' title='bbox 187 1827 599 1886; x_wconf 89' lang='lat' dir='ltr'>describendos</span> <span class='ocrx_word' id='word_1_118' title='bbox 657 1829 763 1886; x_wconf 83' lang='lat' dir='ltr'>sibi</span> <span class='ocrx_word' id='word_1_119' title='bbox 824 1828 1127 1904; x_wconf 85' lang='lat' dir='ltr'>delegerit,</span> <span class='ocrx_word' id='word_1_120' title='bbox 1186 1830 1309 1886; x_wconf 88' lang='lat' dir='ltr'>sive</span> <span class='ocrx_word' id='word_1_121' title='bbox 1367 1835 1617 1886; x_wconf 86' lang='lat' dir='ltr'>eventus</span> <span class='ocrx_word' id='word_1_122' title='bbox 1669 1829 1791 1885; x_wconf 88' lang='lat' dir='ltr'>sive</span> <span class='ocrx_word' id='word_1_123' title='bbox 1842 1829 1949 1886; x_wconf 90' lang='lat' dir='ltr'>ho-</span> 
     </span>
     <span class='ocr_line' id='line_1_18' title="bbox 185 1924 1944 2000; baseline 0.002 -21"><span class='ocrx_word' id='word_1_124' title='bbox 185 1924 390 1992; x_wconf 81' lang='lat' dir='ltr'>mines,</span> <span class='ocrx_word' id='word_1_125' title='bbox 420 1926 482 1981; x_wconf 92' lang='lat' dir='ltr'>in</span> <span class='ocrx_word' id='word_1_126' title='bbox 511 1925 580 1982; x_wconf 92' lang='lat' dir='ltr'>iis</span> <span class='ocrx_word' id='word_1_127' title='bbox 609 1925 833 1981; x_wconf 90' lang='lat' dir='ltr'>nullam</span> <span class='ocrx_word' id='word_1_128' title='bbox 863 1925 990 1999; x_wconf 90' lang='lat' dir='ltr'>ejus</span> <span class='ocrx_word' id='word_1_129' title='bbox 1012 1925 1398 2000; x_wconf 85' lang='lat' dir='ltr'>diligentiam,</span> <span class='ocrx_word' id='word_1_130' title='bbox 1423 1924 1655 1981; x_wconf 92' lang='lat' dir='ltr'>nullum</span> <span class='ocrx_word' id='word_1_131' title='bbox 1683 1944 1944 2000; x_wconf 88' lang='lat' dir='ltr'>unquam</span> 
     </span>
     <span class='ocr_line' id='line_1_19' title="bbox 184 2021 796 2079; baseline -0.002 -2"><span class='ocrx_word' id='word_1_132' title='bbox 184 2038 435 2078; x_wconf 88' lang='lat' dir='ltr'>acumen</span> <span class='ocrx_word' id='word_1_133' title='bbox 463 2021 796 2079; x_wconf 89' lang='lat' dir='ltr'>desiderari.</span> 
     </span>
    </p>

    <p class='ocr_par' dir='ltr' id='par_1_4' title="bbox 185 2114 1950 2855">
     <span class='ocr_line' id='line_1_20' title="bbox 258 2114 1944 2192; baseline 0 -20"><span class='ocrx_word' id='word_1_134' title='bbox 258 2115 655 2182; x_wconf 80' lang='lat' dir='ltr'>RecenseatiS,</span> <span class='ocrx_word' id='word_1_135' title='bbox 680 2135 891 2190; x_wconf 83' lang='lat' dir='ltr'>quaeSO‚</span> <span class='ocrx_word' id='word_1_136' title='bbox 915 2134 1167 2182; x_wconf 90' lang='lat' dir='ltr'>mecum,</span> <span class='ocrx_word' id='word_1_137' title='bbox 1193 2114 1558 2182; x_wconf 89' lang='lat' dir='ltr'>Academici,</span> <span class='ocrx_word' id='word_1_138' title='bbox 1583 2116 1944 2192; x_wconf 84' lang='lat' dir='ltr'>singularum</span> 
     </span>
     <span class='ocr_line' id='line_1_21' title="bbox 185 2211 1947 2287; baseline 0.001 -21"><span class='ocrx_word' id='word_1_139' title='bbox 185 2211 313 2284; x_wconf 92' lang='lat' dir='ltr'>ejus</span> <span class='ocrx_word' id='word_1_140' title='bbox 343 2211 798 2287; x_wconf 85' lang='lat' dir='ltr'>Tragoediarum‚</span> <span class='ocrx_word' id='word_1_141' title='bbox 824 2230 952 2285; x_wconf 87' lang='lat' dir='ltr'>quae</span> <span class='ocrx_word' id='word_1_142' title='bbox 981 2213 1222 2286; x_wconf 89' lang='lat' dir='ltr'>quidem</span> <span class='ocrx_word' id='word_1_143' title='bbox 1253 2217 1586 2286; x_wconf 87' lang='lat' dir='ltr'>supersunt,</span> <span class='ocrx_word' id='word_1_144' title='bbox 1610 2211 1947 2269; x_wconf 68' lang='lat' dir='ltr'>formulam.</span> 
     </span>
     <span class='ocr_line' id='line_1_22' title="bbox 189 2304 1950 2381; baseline 0.002 -20"><span class='ocrx_word' id='word_1_145' title='bbox 189 2304 470 2362; x_wconf 88' lang='lat' dir='ltr'>Mirabile</span> <span class='ocrx_word' id='word_1_146' title='bbox 510 2313 616 2373; x_wconf 90' lang='lat' dir='ltr'>est,</span> <span class='ocrx_word' id='word_1_147' title='bbox 647 2313 771 2362; x_wconf 89' lang='lat' dir='ltr'>tam</span> <span class='ocrx_word' id='word_1_148' title='bbox 810 2323 986 2380; x_wconf 88' lang='lat' dir='ltr'>parca</span> <span class='ocrx_word' id='word_1_149' title='bbox 1015 2306 1180 2363; x_wconf 89' lang='lat' dir='ltr'>velut</span> <span class='ocrx_word' id='word_1_150' title='bbox 1211 2306 1581 2381; x_wconf 89' lang='lat' dir='ltr'>supellectile</span> <span class='ocrx_word' id='word_1_151' title='bbox 1611 2314 1808 2365; x_wconf 89' lang='lat' dir='ltr'>tantas</span> <span class='ocrx_word' id='word_1_152' title='bbox 1854 2327 1950 2365; x_wconf 86' lang='lat' dir='ltr'>res</span> 
     </span>
     <span class='ocr_line' id='line_1_23' title="bbox 187 2401 1944 2477; baseline 0.001 -20"><span class='ocrx_word' id='word_1_153' title='bbox 187 2407 312 2458; x_wconf 91' lang='lat' dir='ltr'>tam</span> <span class='ocrx_word' id='word_1_154' title='bbox 366 2408 642 2476; x_wconf 90' lang='lat' dir='ltr'>potenter</span> <span class='ocrx_word' id='word_1_155' title='bbox 698 2402 809 2477; x_wconf 86' lang='lat' dir='ltr'>agi.</span> <span class='ocrx_word' id='word_1_156' title='bbox 919 2401 1126 2459; x_wconf 90' lang='lat' dir='ltr'>Placet</span> <span class='ocrx_word' id='word_1_157' title='bbox 1183 2409 1387 2458; x_wconf 91' lang='lat' dir='ltr'>autem</span> <span class='ocrx_word' id='word_1_158' title='bbox 1438 2421 1508 2458; x_wconf 91' lang='lat' dir='ltr'>eo</span> <span class='ocrx_word' id='word_1_159' title='bbox 1567 2403 1944 2476; x_wconf 90' lang='lat' dir='ltr'>potissimum</span> 
     </span>
     <span class='ocr_line' id='line_1_24' title="bbox 187 2497 1944 2572; baseline 0.001 -19"><span class='ocrx_word' id='word_1_160' title='bbox 187 2498 390 2553; x_wconf 90' lang='lat' dir='ltr'>ordine</span> <span class='ocrx_word' id='word_1_161' title='bbox 426 2497 756 2554; x_wconf 86' lang='lat' dir='ltr'>fabularum</span> <span class='ocrx_word' id='word_1_162' title='bbox 793 2497 999 2554; x_wconf 91' lang='lat' dir='ltr'>titulos</span> <span class='ocrx_word' id='word_1_163' title='bbox 1042 2498 1281 2565; x_wconf 87' lang='lat' dir='ltr'>referre,</span> <span class='ocrx_word' id='word_1_164' title='bbox 1318 2517 1434 2572; x_wconf 90' lang='lat' dir='ltr'>quo</span> <span class='ocrx_word' id='word_1_165' title='bbox 1478 2498 1724 2572; x_wconf 85' lang='lat' dir='ltr'>scriptas</span> <span class='ocrx_word' id='word_1_166' title='bbox 1764 2499 1944 2556; x_wconf 87' lang='lat' dir='ltr'>fuisse</span> 
     </span>
     <span class='ocr_line' id='line_1_25' title="bbox 186 2593 1944 2669; baseline -0.001 -19"><span class='ocrx_word' id='word_1_167' title='bbox 186 2594 446 2650; x_wconf 87' lang='lat' dir='ltr'>maxime</span> <span class='ocrx_word' id='word_1_168' title='bbox 477 2600 567 2650; x_wconf 86' lang='lat' dir='ltr'>est</span> <span class='ocrx_word' id='word_1_169' title='bbox 596 2593 907 2650; x_wconf 90' lang='lat' dir='ltr'>credibile:</span> <span class='ocrx_word' id='word_1_170' title='bbox 954 2595 1054 2667; x_wconf 90' lang='lat' dir='ltr'>qui</span> <span class='ocrx_word' id='word_1_171' title='bbox 1085 2593 1244 2660; x_wconf 88' lang='lat' dir='ltr'>ord0,</span> <span class='ocrx_word' id='word_1_172' title='bbox 1278 2599 1439 2649; x_wconf 83' lang='lat' dir='ltr'>recte</span> <span class='ocrx_word' id='word_1_173' title='bbox 1469 2593 1653 2650; x_wconf 90' lang='lat' dir='ltr'>semel</span> <span class='ocrx_word' id='word_1_174' title='bbox 1688 2594 1944 2669; x_wconf 88' lang='lat' dir='ltr'>descrip-</span> 
     </span>
     <span class='ocr_line' id='line_1_26' title="bbox 188 2688 1946 2765; baseline 0 -19"><span class='ocrx_word' id='word_1_175' title='bbox 188 2696 303 2756; x_wconf 89' lang='lat' dir='ltr'>tus,</span> <span class='ocrx_word' id='word_1_176' title='bbox 332 2689 488 2746; x_wconf 90' lang='lat' dir='ltr'>haud</span> <span class='ocrx_word' id='word_1_177' title='bbox 519 2708 723 2764; x_wconf 87' lang='lat' dir='ltr'>parum</span> <span class='ocrx_word' id='word_1_178' title='bbox 765 2689 1012 2746; x_wconf 90' lang='lat' dir='ltr'>fortasse</span> <span class='ocrx_word' id='word_1_179' title='bbox 1041 2688 1344 2764; x_wconf 86' lang='lat' dir='ltr'>adjuvabit</span> <span class='ocrx_word' id='word_1_180' title='bbox 1375 2689 1448 2745; x_wconf 93' lang='lat' dir='ltr'>de</span> <span class='ocrx_word' id='word_1_181' title='bbox 1483 2689 1765 2765; x_wconf 86' lang='lat' dir='ltr'>AEschylo</span> <span class='ocrx_word' id='word_1_182' title='bbox 1785 2691 1946 2764; x_wconf 89' lang='lat' dir='ltr'>judi-</span> 
     </span>
     <span class='ocr_line' id='line_1_27' title="bbox 187 2791 626 2855; baseline -0.002 -14"><span class='ocrx_word' id='word_1_183' title='bbox 187 2791 439 2842; x_wconf 70' lang='lat' dir='ltr'>caturos</span> <span class='ocrx_word' id='word_1_184' title='bbox 623 2853 626 2855; x_wconf 11' lang='grc' dir='ltr'><strong>Α</strong></span> 
     </span>
    </p>

    <p class='ocr_par' dir='ltr' id='par_1_5' title="bbox 187 2876 1946 3145">
     <span class='ocr_line' id='line_1_28' title="bbox 272 2876 1946 2954; baseline 0.001 -20"><span class='ocrx_word' id='word_1_185' title='bbox 272 2876 368 2935; x_wconf 89' lang='lat' dir='ltr'>Ac</span> <span class='ocrx_word' id='word_1_186' title='bbox 414 2880 605 2953; x_wconf 90' lang='lat' dir='ltr'>primo</span> <span class='ocrx_word' id='word_1_187' title='bbox 652 2880 890 2954; x_wconf 90' lang='lat' dir='ltr'>quidem</span> <span class='ocrx_word' id='word_1_188' title='bbox 930 2878 1061 2935; x_wconf 92' lang='lat' dir='ltr'>loco</span> <span class='ocrx_word' id='word_1_189' title='bbox 1096 2886 1413 2954; x_wconf 90' lang='lat' dir='ltr'>ponuntur,</span> <span class='ocrx_word' id='word_1_190' title='bbox 1460 2880 1771 2935; x_wconf 90' lang='lat' dir='ltr'>doctorum</span> <span class='ocrx_word' id='word_1_191' title='bbox 1815 2898 1946 2936; x_wconf 89' lang='lat' dir='ltr'>sen-</span> 
     </span>
     <span class='ocr_line' id='line_1_29' title="bbox 187 2974 1942 3049; baseline 0.001 -19"><span class='ocrx_word' id='word_1_192' title='bbox 187 2974 393 3040; x_wconf 74' lang='lat' dir='ltr'>tentia,</span> <span class='ocrx_word' id='word_1_193' title='bbox 450 2974 676 3031; x_wconf 91' lang='lat' dir='ltr'>nobiles</span> <span class='ocrx_word' id='word_1_194' title='bbox 733 2974 821 3030; x_wconf 91' lang='lat' dir='ltr'>illi</span> <span class='ocrx_word' id='word_1_195' title='bbox 878 2974 1108 3031; x_wconf 85' lang='lat' dir='ltr'>Persae:</span> <span class='ocrx_word' id='word_1_196' title='bbox 1183 2993 1361 3049; x_wconf 90' lang='lat' dir='ltr'>quam</span> <span class='ocrx_word' id='word_1_197' title='bbox 1420 2974 1683 3031; x_wconf 87' lang='lat' dir='ltr'>fabulam</span> <span class='ocrx_word' id='word_1_198' title='bbox 1737 2976 1942 3031; x_wconf 91' lang='lat' dir='ltr'>docuit</span> 
     </span>
     <span class='ocr_line' id='line_1_30' title="bbox 189 3069 1942 3145; baseline 0 -19"><span class='ocrx_word' id='word_1_199' title='bbox 189 3069 518 3144; x_wconf 80' lang='lat' dir='ltr'>AEschyIUS,</span> <span class='ocrx_word' id='word_1_200' title='bbox 577 3071 625 3126; x_wconf 91' lang='lat' dir='ltr'>si</span> <span class='ocrx_word' id='word_1_201' title='bbox 669 3070 813 3127; x_wconf 89' lang='lat' dir='ltr'>fides</span> <span class='ocrx_word' id='word_1_202' title='bbox 859 3070 1124 3137; x_wconf 81' lang='lat' dir='ltr'>narratiS,</span> <span class='ocrx_word' id='word_1_203' title='bbox 1169 3070 1423 3144; x_wconf 86' lang='lat' dir='ltr'>septimo</span> <span class='ocrx_word' id='word_1_204' title='bbox 1469 3077 1604 3145; x_wconf 85' lang='lat' dir='ltr'>post</span> <span class='ocrx_word' id='word_1_205' title='bbox 1656 3069 1942 3126; x_wconf 85' lang='lat' dir='ltr'>Plataeam</span> 
     </span>
    </p>
   </div>
   <div class='ocr_carea' id='block_1_3' title="bbox 188 3163 1943 3332">
    <p class='ocr_par' dir='ltr' id='par_1_6' title="bbox 188 3163 1943 3332">
     <span class='ocr_line' id='line_1_31' title="bbox 188 3163 1941 3241; baseline -0.001 -19"><span class='ocrx_word' id='word_1_206' title='bbox 188 3172 390 3229; x_wconf 69' lang='lat' dir='ltr'>anno⁹‚</span> <span class='ocrx_word' id='word_1_207' title='bbox 434 3163 719 3241; x_wconf 85' lang='lat' dir='ltr'>flagrante</span> <span class='ocrx_word' id='word_1_208' title='bbox 758 3167 1083 3222; x_wconf 90' lang='lat' dir='ltr'>etiamnum</span> <span class='ocrx_word' id='word_1_209' title='bbox 1128 3165 1286 3222; x_wconf 94' lang='lat' dir='ltr'>bello</span> <span class='ocrx_word' id='word_1_210' title='bbox 1324 3165 1386 3220; x_wconf 94' lang='lat' dir='ltr'>in</span> <span class='ocrx_word' id='word_1_211' title='bbox 1433 3163 1582 3222; x_wconf 90' lang='lat' dir='ltr'>Asia</span> <span class='ocrx_word' id='word_1_212' title='bbox 1623 3165 1941 3220; x_wconf 80' lang='lat' dir='ltr'>maritimO.</span> 
     </span>
     <span class='ocr_line' id='line_1_32' title="bbox 191 3256 1943 3332; baseline -0.001 -18"><span class='ocrx_word' id='word_1_213' title='bbox 191 3257 410 3332; x_wconf 93' lang='lat' dir='ltr'>Neque</span> <span class='ocrx_word' id='word_1_214' title='bbox 447 3257 705 3314; x_wconf 88' lang='lat' dir='ltr'>multum</span> <span class='ocrx_word' id='word_1_215' title='bbox 743 3258 819 3316; x_wconf 87' lang='lat' dir='ltr'>ab</span> <span class='ocrx_word' id='word_1_216' title='bbox 857 3260 971 3315; x_wconf 90' lang='lat' dir='ltr'>isto</span> <span class='ocrx_word' id='word_1_217' title='bbox 1012 3258 1239 3315; x_wconf 89' lang='lat' dir='ltr'>calculo</span> <span class='ocrx_word' id='word_1_218' title='bbox 1279 3257 1559 3314; x_wconf 90' lang='lat' dir='ltr'>abhorret</span> <span class='ocrx_word' id='word_1_219' title='bbox 1592 3256 1775 3332; x_wconf 87' lang='lat' dir='ltr'>ipsius</span> <span class='ocrx_word' id='word_1_220' title='bbox 1812 3257 1943 3312; x_wconf 90' lang='lat' dir='ltr'>dra-</span> 
     </span>
    </p>
   </div>
   <div class='ocr_carea' id='block_1_4' title="bbox 189 3351 1938 3428">
    <p class='ocr_par' dir='ltr' id='par_1_7' title="bbox 189 3351 1938 3428">
     <span class='ocr_line' id='line_1_33' title="bbox 189 3351 1938 3428; baseline -0.002 -18"><span class='ocrx_word' id='word_1_221' title='bbox 189 3353 365 3411; x_wconf 82' lang='lat' dir='ltr'>matis</span> <span class='ocrx_word' id='word_1_222' title='bbox 407 3353 557 3410; x_wconf 90' lang='lat' dir='ltr'>ratio</span> <span class='ocrx_word' id='word_1_223' title='bbox 605 3359 786 3428; x_wconf 87' lang='lat' dir='ltr'>atque</span> <span class='ocrx_word' id='word_1_224' title='bbox 827 3354 1070 3420; x_wconf 87' lang='lat' dir='ltr'>indoles,</span> <span class='ocrx_word' id='word_1_225' title='bbox 1125 3355 1347 3428; x_wconf 90' lang='lat' dir='ltr'>spirans</span> <span class='ocrx_word' id='word_1_226' title='bbox 1386 3353 1606 3427; x_wconf 91' lang='lat' dir='ltr'>ubique</span> <span class='ocrx_word' id='word_1_227' title='bbox 1653 3351 1938 3417; x_wconf 88' lang='lat' dir='ltr'>Martem,</span> 
     </span>
    </p>
   </div>
   <div class='ocr_carea' id='block_1_5' title="bbox 640 3552 1479 3682">
    <p class='ocr_par' dir='ltr' id='par_1_8' title="bbox 640 3552 1479 3682">
     <span class='ocr_line' id='line_1_34' title="bbox 640 3552 1479 3608; baseline -0.001 -12"><span class='ocrx_word' id='word_1_228' title='bbox 640 3560 660 3583; x_wconf 62' lang='grc'>8</span> <span class='ocrx_word' id='word_1_229' title='bbox 693 3552 887 3604; x_wconf 87' lang='lat' dir='ltr'>Clinton,</span> <span class='ocrx_word' id='word_1_230' title='bbox 911 3553 1030 3596; x_wconf 85' lang='lat' dir='ltr'>Fast.</span> <span class='ocrx_word' id='word_1_231' title='bbox 1054 3553 1222 3596; x_wconf 80' lang='lat' dir='ltr'>Hellen.</span> <span class='ocrx_word' id='word_1_232' title='bbox 1246 3552 1319 3595; x_wconf 90' lang='lat' dir='ltr'>Ol.</span> <span class='ocrx_word' id='word_1_233' title='bbox 1345 3562 1410 3608; x_wconf 88' lang='lat'>77.</span> <span class='ocrx_word' id='word_1_234' title='bbox 1442 3567 1479 3595; x_wconf 92' lang='lat'>1.</span> 
     </span>
     <span class='ocr_line' id='line_1_35' title="bbox 1010 3631 1120 3682; baseline -0.009 0"><span class='ocrx_word' id='word_1_235' title='bbox 1010 3644 1050 3682; x_wconf 89' lang='lat' dir='ltr'>U</span> <span class='ocrx_word' id='word_1_236' title='bbox 1084 3631 1120 3681; x_wconf 75' lang='lat'>2</span> 
     </span>
    </p>
   </div>
  </div>
 </body>
</html>
