2320 4126
211 260 370 298 PRAEL.
391 261 518 298 xvn.
656 245 736 296 De
762 242 941 296 Persis
968 260 1080 295 eam
1104 242 1368 311 honorifice
1393 242 1544 312 loqui.
1861 244 1960 296 301

212 387 442 456 Quibus
478 393 540 444 et
583 385 728 442 illud
765 385 1084 460 adjungere
1125 382 1322 450 liceat,
1352 399 1468 458 quo
1513 382 1871 458 planissime,
1901 391 1970 440 ut

210 482 356 552 mihi
387 481 627 557 quidem
657 481 909 548 videtur,
941 477 1144 536 docuit
1176 478 1365 535 Poeta
1394 479 1752 536 sententiam
1783 496 1970 546 suam,

211 577 401 653 qualis
444 596 571 634 esse
615 575 767 634 solet
811 574 1076 634 veterani
1114 581 1330 643 nautae,
1371 575 1446 632 de
1481 575 1540 630 vi
1587 575 1767 632 maris
1803 575 1973 631 inex-

211 673 519 750 pugnabili
532 669 560 708 b
583 689 597 729 ε

683 830 858 887 δοκιμὸς
878 829 914 874 δ’
937 828 1067 883 οὔτις,
1090 829 1285 875 ὑποστὰς

682 901 860 962 μεγάλῳ
881 900 1057 959 ῥεύματι
1078 903 1237 959 φώτων

683 971 861 1030 ὀχῦροις
880 974 1051 1030 ἕρκεσιν
1072 971 1230 1031 εἵργειν

685 1044 854 1102 ἄμαχον
874 1047 985 1102 κῦμα
1006 1045 1250 1100 θαλάσσης.

298 1187 510 1245 Nolite
554 1205 694 1243 vero
737 1194 968 1262 putare,
1012 1186 1379 1263 AEschylum‚
1421 1206 1558 1244 cum
1602 1187 1726 1245 haec
1771 1186 1973 1262 patriae

212 1283 542 1361 gratulatus
586 1283 900 1358 scripserit,
940 1283 1186 1340 irrisisse
1229 1283 1405 1358 plane
1447 1283 1759 1340 Persarum
1796 1285 1975 1340 infor-

213 1381 416 1437 tunia:
470 1399 598 1455 quae
629 1381 940 1436 doctorum
969 1380 1338 1454 quorundam
1371 1387 1463 1437 est
1494 1381 1810 1438 sententia.
1885 1381 1974 1438 At

214 1475 362 1532 scire
392 1474 587 1542 velim,
620 1494 737 1550 qua
766 1475 1009 1532 tandem
1044 1476 1273 1532 ratione
1317 1477 1632 1532 conveniat
1676 1495 1812 1532 cum
1854 1477 1974 1533 risu

214 1578 277 1628 et
304 1571 634 1639 insolentia,
664 1571 822 1645 quod
861 1588 1150 1645 nusquam
1189 1590 1310 1628 non
1352 1571 1674 1630 honorifice
1714 1572 1975 1648 appellat

214 1686 407 1742 neque
451 1666 659 1724 Persas
704 1686 897 1741 neque
946 1665 1214 1734 Darium,
1259 1686 1453 1742 neque
1497 1669 1679 1725 etiam
1725 1668 1974 1725 Xerxen

214 1764 425 1839 ipsum.
513 1763 800 1829 Primum,
831 1763 991 1836 quod
1019 1764 1093 1820 ad
1125 1764 1439 1820 Persarum
1467 1771 1713 1840 gentem
1737 1764 1974 1829 attinet,

214 1859 378 1916 illam
407 1877 526 1915 non
555 1858 733 1914 modo
765 1857 985 1915 divitiis
1014 1859 1117 1916 sed
1148 1866 1210 1916 et
1239 1859 1455 1917 bellica
1478 1867 1540 1917 et
1571 1860 1731 1917 civili
1755 1861 1976 1916 virtute

215 1954 753 2029 praestantissimam
794 1954 963 2011 nobis
993 1954 1192 2011 tradit.
1281 1954 1372 2011 Eo
1417 1955 1768 2012 crediderim
1813 1974 1978 2030 spec-

215 2056 343 2107 tare
366 2050 679 2107 verborum
701 2069 770 2107 ac
793 2069 1172 2107 numerorum
1204 2057 1570 2126 apparatum,
1594 2050 1975 2126 magnificum

216 2162 372 2212 sane,
403 2143 512 2202 sub
541 2144 667 2219 ipso
698 2145 971 2201 carminis
999 2144 1220 2202 initioss.

687 2307 927 2365 πεπέρακεν
945 2307 1024 2364 μὲν
1044 2305 1068 2351 ὁ
1087 2307 1248 2365 περσέ-

686 2377 841 2426 πτολις
860 2380 938 2436 ἤδη
958 2380 1189 2433 βασίλειος

688 2453 877 2510 στρατὸς
897 2452 957 2497 εἷς
976 2451 1209 2509 ἀντίπορον
1228 2452 1317 2509 γεί-

632 2571 636 2575 ,
687 2542 792 2568 τονα
809 2526 973 2581 χώραν,
994 2522 1243 2582 λινοδέσμῳ

691 2596 849 2653 σχεδίᾳ
868 2594 1066 2652 πορθμὸν
1085 2595 1278 2652 ἀμείψας

687 2666 999 2723 Ἀθαμαντίδος
1007 2665 1193 2718 ’Ἐλλας,

688 2737 981 2796 πολύγομφον
1002 2737 1163 2794 ὅδισμα

691 2809 821 2866 ζυγὸν
840 2808 1106 2866 ἀμφιβαλὼν
1125 2808 1201 2852 αὗ-

689 2878 785 2936 χένι
804 2880 979 2923 πόντου·

690 2950 964 3008 πολυάνδρου
987 2949 1024 2994 δ’
1045 2947 1201 2996 Ἀσίας
1220 2949 1320 2994 θού-

690 3039 784 3079 ριος
803 3022 949 3080 ἅρχων
969 3022 1040 3066 ἐπὶ
1059 3024 1208 3067 πᾶσαν

690 3094 829 3151 χθόνα
847 3096 1126 3152 ποιμανόριον
1146 3094 1234 3138 θεῖ-

694 3183 744 3209 ον
765 3164 948 3218 ἐλαύνει,
970 3165 1160 3223 διχόθεν,
1180 3182 1258 3209 πε·

694 3237 903 3293 ζονόμοις,
926 3237 972 3280 ἔκ
993 3255 1040 3281 τε
1061 3236 1308 3287 θαλάσσας,

693 3304 896 3365 ὀχυροῖσι
915 3307 1132 3352 πεποιθὼς

697 3380 941 3435 στυφελοῖς
961 3378 1153 3437 ἐφέταις,
1174 3395 1281 3434 χρυ-

485 3562 502 3587 “’
535 3564 658 3607 Pers.
682 3565 754 3621 89.
1467 3574 1487 3597 c
1511 3565 1615 3611 Ver.
1639 3568 1711 3624 65.
