2320 4126
375 231 483 285 160
585 233 882 296 Homerica,
912 233 974 285 de
984 234 1126 303 feris
1151 241 1198 286 et
1224 231 1423 296 avibus,
1452 224 1694 303 cyrestem
1718 233 1903 286 decere.
1946 253 2102 286 PRAEL.
2126 255 2178 287 x.

380 383 598 452 fuerat,
646 389 709 440 et
755 382 1007 440 fortasse
1054 382 1335 438 mercede
1380 380 1777 459 laboraverat.
1852 379 2183 461 Αῠθημερὸν

374 479 685 543 ἀποδώσεις
719 477 822 539 τὸν
860 476 1065 549 μισθὸν
1106 478 1293 535 αὐτοῦ·
1350 478 1442 535 οὐκ
1474 476 1794 535 ἐπιδόσεται
1836 479 1866 535 ὁ
1905 479 2058 546 ἦλῖος
2094 480 2180 536 ἐπ’

383 580 548 656 αὐτῷ·
576 579 668 637 ὅτι
688 578 849 646 πένης
870 577 1015 646 ἐστὶ,
1039 576 1128 633 καὶ
1153 577 1206 633 ἐν
1227 576 1377 651 αὐτῷ
1397 577 1512 656 ἔχει
1534 577 1637 646 τὴν
1659 576 1880 647 ἐλπίδα,
1902 578 1989 635 καὶ
2009 605 2183 636 κατα-

372 680 653 751 βοήσεται
695 675 843 735 κατὰ
885 682 988 734 σοῦ
1019 673 1160 756 πρὸς
1194 675 1422 756 Κύριον,
1454 677 1541 734 καὶ
1574 677 1737 735 ἔσται
1771 677 1824 735 ἐν
1865 677 1957 735 σοὶ
1999 680 2183 757 ἁμαρ-

371 777 519 836 τίαθ.
611 778 791 847 Quod
829 783 1036 834 autem
1085 774 1417 852 Neptunus
1462 775 1755 852 ἔκπαγλον
1801 783 1976 834 vocat
2026 777 2181 836 Lao-

371 879 680 945 medonta,
712 876 922 933 irridet
954 894 1113 942 sane,
1147 882 1216 932 ut
1246 875 1462 933 herum
1495 895 1777 952 procaces
1810 875 2038 945 famuli,
2071 877 2180 934 lite

305 1015 308 1019 J
373 977 605 1035 oborta.

458 1176 677 1233 Restat
726 1175 830 1232 ille
883 1174 1051 1232 locus
1103 1174 1443 1233 uberrimus
1503 1175 1694 1232 ferme
1754 1176 2042 1243 omnium,
2103 1175 2179 1232 de

369 1275 548 1333 variis
580 1275 896 1332 volucrum
925 1280 988 1331 et
1021 1274 1351 1331 bestiarum
1384 1273 1728 1352 generibus,
1762 1273 1857 1331 vel
1890 1274 2177 1341 cicurum,

367 1373 466 1432 vel
499 1374 798 1441 ferarum3
846 1393 1096 1450 quarum
1133 1393 1209 1431 ex
1243 1372 1491 1440 lusibUS,
1525 1381 1718 1449 pastU,
1750 1373 1986 1449 praeliis,
2013 1376 2174 1431 omni

368 1474 508 1531 vitae
540 1480 722 1545 statu,
754 1473 907 1530 mira
937 1473 1212 1549 quaedam
1245 1472 1515 1549 suppetit
1547 1471 1997 1530 luculentarum
2028 1473 2178 1531 ima-

369 1573 583 1650 ginum
645 1572 837 1649 copia.
930 1571 1054 1629 Sed
1112 1572 1174 1628 in
1227 1572 1358 1628 istis
1410 1570 1592 1628 hodie
1643 1590 1766 1628 non
1817 1572 2176 1629 morandum

372 1671 618 1747 putavi3
667 1671 887 1747 partim
934 1670 1219 1746 quoniam
1266 1690 1477 1727 eorum
1522 1669 1756 1728 indoles
1802 1670 1953 1728 adeo
1999 1670 2179 1748 plana

372 1776 465 1827 est
496 1776 559 1827 et
590 1776 817 1846 aperta,
850 1776 920 1826 ut
962 1770 1230 1826 incurrat
1271 1769 1332 1826 in
1371 1767 1580 1826 oculos
1611 1768 1969 1846 legentium,
2007 1770 2176 1828 nullo

371 1868 666 1938 docente3
713 1868 955 1945 partim,
1003 1867 1300 1945 exemplis
1345 1868 1510 1944 prius
1551 1867 1846 1936 adductis,
1881 1887 2175 1945 equorum

371 1966 670 2025 duntaxat
724 1975 788 2025 et
836 1966 1099 2034 leonum,
1150 1986 1282 2043 quae
1332 1966 1453 2023 duo
1500 1972 1641 2023 sunt
1686 1966 1749 2023 in
1795 1966 1910 2024 hoc
1953 1986 2175 2045 genere

369 2066 761 2135 nobilissima,
795 2085 921 2124 rem
954 2073 1154 2123 actam
1185 2055 1468 2123 nolebam
1501 2083 1702 2143 agere.
1795 2064 1946 2123 Haec
1968 2073 2176 2125 tamen

368 2165 455 2222 ita
513 2164 875 2242 linquamuS,
936 2171 1006 2222 ut
1071 2165 1530 2222 meminerimus
1597 2183 1805 2221 eorum
1875 2183 2175 2223 summam

368 2263 605 2322 duobus
649 2265 775 2322 fere
822 2264 1121 2340 capitibus
1167 2263 1482 2321 contineri.
1575 2263 1741 2321 Nam
1785 2283 2174 2342 quascunque

368 2361 664 2437 ejusmodi
725 2360 1205 2420 narratiunculas
1252 2362 1522 2419 intexuit
1582 2360 1910 2430 Homerus,
1965 2382 2174 2420 omnes

368 2460 655 2519 videntur
695 2479 825 2519 esse
870 2460 1124 2537 propriae
1169 2466 1277 2518 aut
1319 2460 1659 2519 venantium
1699 2466 1806 2518 aut
1845 2467 2173 2538 pastorum.

368 2557 783 2626 Quamobrem
828 2560 1057 2636 optime
1101 2560 1167 2616 in
1214 2558 1403 2617 talem
1447 2559 1690 2626 cadunt,
1741 2559 1984 2635 qualem
2031 2578 2171 2617 eum

367 2657 588 2716 vixisse
618 2676 744 2724 nos,
776 2657 987 2715 multis
1018 2657 1352 2715 rationibus
1384 2658 1650 2726 adducti,
1684 2677 2071 2736 auguramur.

452 2855 574 2914 Sed
616 2876 871 2933 propero
913 2856 990 2914 ad
1028 2875 1115 2923 ea,
1151 2876 1285 2933 quae
1326 2855 1548 2914 ultimo
1591 2857 1726 2915 loco
1757 2863 1931 2914 erant
1969 2857 2169 2933 dispu-

362 2955 569 3012 tanda:
607 2954 704 3011 De
727 2974 951 3032 genere
983 2955 1242 3024 dicendi,
1268 2974 1387 3031 quo
1411 2975 1555 3014 usus
1587 2963 1679 3014 est
1711 2955 1918 3013 Iliadis
1940 2965 2166 3013 auctor.

364 3052 614 3110 Etenim
647 3071 724 3109 ex
757 3072 830 3110 ea
851 3059 1023 3129 parte
1047 3072 1170 3110 non
1193 3053 1394 3111 minus
1418 3074 1601 3129 quam
1626 3074 1703 3112 ex
1729 3053 2167 3112 sententiarum

362 3149 607 3208 delectu
633 3156 695 3208 et
717 3150 1068 3227 imaginum,
1094 3151 1265 3226 prodi
1291 3151 1568 3229 intelligo
1592 3151 1948 3210 bellicosum
1973 3152 2167 3228 primo

359 3248 690 3316 hominem,
737 3249 956 3306 deinde
1008 3255 1327 3325 agrestem,
1379 3249 1561 3306 tertio
1614 3249 1923 3325 plebeium
1970 3256 2034 3307 et
2078 3250 2168 3306 in-

361 3365 558 3423 opem.

446 3444 721 3513 Quorum
767 3446 1040 3503 omnium
1087 3445 1497 3522 conjecturam
1543 3445 1806 3522 aliquam
1846 3444 1998 3501 illud
2044 3445 2165 3520 pri-

358 3560 527 3598 mum
555 3541 768 3599 afferre
793 3543 1069 3611 dixerim,
1097 3544 1258 3619 quod
1291 3544 1506 3618 saepius
1534 3549 1810 3619 repetere
1841 3562 1962 3599 non
1996 3561 2163 3598 vere-

357 3644 473 3706 tur,
499 3657 619 3694 non
643 3639 825 3696 modo
857 3640 1042 3698 verba
1073 3640 1177 3697 sed
1204 3633 1408 3698 versus
1441 3641 1626 3698 etiam
1659 3642 1946 3717 integros,
1973 3640 2159 3695 immo

1041 3762 1062 3784 c
1096 3754 1234 3798 Deut.
1259 3755 1379 3800 xxiv.
1410 3766 1479 3811 15.
