2320 4126
319 231 393 281 22
866 226 949 277 De
974 223 1221 277 memoria
1244 228 1577 275 mortuorwm.
1878 236 2037 270 PRAEL.
2058 236 2118 270 11.

407 367 833 444 Imprudentes
857 384 1026 442 paene
1041 365 1170 441 jam
1195 362 1516 421 incidimus
1539 361 1602 417 in
1625 358 1879 418 alteram
1902 379 2122 437 propo-

319 465 448 522 sitae
478 463 821 540 quaestionis
845 473 1115 540 partem3
1162 479 1296 519 eam
1327 458 1576 526 scilicet,
1608 477 1740 534 quae
1761 458 2121 516 memori-am

317 567 694 619 mortuorum
742 560 905 636 apud
949 559 1205 616 rusticos
1252 562 1550 615 servatam
1591 561 1845 632 spectat.
1928 553 2119 631 Cujus

317 659 565 734 quidem
588 658 778 716 totius
796 657 1032 735 generis
1052 657 1264 714 eadem
1286 655 1412 712 fere
1431 661 1524 712 est
1545 655 1632 712 vis
1651 673 1721 712 ac
1739 653 1911 722 ratic,
1931 659 2118 729 atque

317 773 526 811 eorum
571 773 704 830 quae
750 754 931 810 modo
977 752 1260 810 diximus.
1352 750 1516 808 Nam
1568 749 1669 826 qui
1713 750 1802 807 ita
1841 757 2116 808 mortuos

314 854 538 915 amant,
571 855 642 905 ut
671 849 945 925 proxime
975 848 1051 905 ab
1081 847 1200 905 illis
1238 866 1302 905 se
1338 845 1574 923 sepeliri
1607 844 1815 914 velint,
1846 846 1918 903 iis
1949 854 2117 903 certe

313 964 474 1002 curae
511 946 626 1002 erit
657 952 720 1002 et
757 945 921 1002 cordi
964 945 1284 1021 “quisquis
1319 945 1518 1002 honos
1549 943 1793 1013 tumuli,
1824 943 2112 1020 quicquid

312 1041 581 1100 solamen
610 1042 901 1100 humandi
919 1044 1071 1101 est.’'
1146 1041 1364 1120 Itaque
1404 1044 1467 1100 in
1499 1043 1772 1118 exequiis
1810 1041 2116 1099 solvendis

310 1137 577 1213 prim-um
603 1137 754 1197 illud
785 1141 1161 1199 sanctissime
1185 1146 1450 1209 cavetur,
1477 1139 1703 1216 nequid
1734 1146 1983 1208 temere,
2009 1157 2115 1196 ne-

310 1235 455 1311 quid
485 1237 900 1316 negligenter,
945 1259 1023 1297 ne
1055 1258 1174 1316 qua
1203 1238 1360 1296 forte
1390 1238 1688 1315 particula
1718 1256 1945 1307 eorum,
1977 1257 2114 1314 quae

311 1351 477 1391 sacra
504 1353 819 1413 moresque
849 1336 1176 1413 postulant,
1203 1336 1541 1394 omittatur.
1608 1335 1867 1404 Deinde,
1891 1336 1939 1394 si
1965 1335 2111 1411 quid

308 1431 468 1508 ipsos
492 1432 751 1492 voluisse
773 1434 1209 1503 intellexerint,
1232 1435 1294 1492 id
1318 1435 1766 1493 accuratissima
1796 1434 2114 1512 diligentia

308 1539 739 1606 exsequuntur.
831 1532 1148 1591 Postremo
1190 1532 1417 1609 aliquid
1454 1534 1641 1591 etiam
1672 1534 1748 1590 de
1790 1552 1915 1602 suc,
1948 1533 2110 1609 quod

308 1629 527 1686 summi
581 1629 659 1686 sit
712 1630 992 1687 desiderii
1043 1631 1352 1699 indicium,
1399 1651 1522 1688 non
1574 1651 1706 1689 raro
1760 1631 2112 1707 excogitare

307 1743 530 1783 cernas.
618 1726 753 1784 Aut
783 1729 946 1785 enim
975 1728 1228 1787 mutatis
1257 1728 1459 1804 aliqua
1499 1749 1577 1786 ex
1618 1735 1788 1806 parte
1819 1728 2108 1797 vestibUS‚

304 1825 585 1899 perpetui
629 1824 831 1883 luctus
883 1827 1206 1902 specimen,
1255 1828 1503 1896 vivunt3
1557 1835 1662 1885 aut
1714 1827 1920 1886 dulces
1961 1847 2111 1885 exu-

305 1921 446 1990 vias,
494 1922 687 1980 veluti
735 1924 1089 1982 thesaurum
1141 1925 1463 2001 quendam,
1519 1925 1778 1983 condere
1830 1925 2108 1984 laborant

305 2038 374 2077 ac
422 2039 819 2097 componere3
863 2029 970 2079 aut
1018 2023 1197 2080 certis
1242 2023 1618 2099 temporibus
1663 2022 1972 2080 tumulum
2016 2024 2107 2081 in-

304 2116 526 2175 visunt.
618 2117 768 2175 Dies
811 2138 911 2176 me
949 2119 1237 2177 deficeret
1277 2120 1454 2177 citius
1486 2139 1663 2196 quam
1711 2120 1914 2177 omnia
1957 2138 2106 2177 11100-

303 2214 570 2270 rentium
629 2222 975 2273 commenta
1034 2216 1413 2274 dinumerare
1471 2236 1728 2293 possem.
1836 2215 2105 2275 Omnino

304 2318 510 2369 autem
540 2312 827 2370 credibile
858 2322 968 2383 est,
999 2313 1174 2390 plura
1210 2315 1506 2391 ejusmodi
1538 2315 1728 2373 latere
1760 2334 1942 2391 quam
1974 2316 2106 2373 vul-

301 2410 465 2486 gari:
512 2430 651 2468 cum
684 2412 805 2468 veri
841 2418 904 2469 et
935 2413 1055 2469 vivi
1087 2413 1286 2471 luctus
1323 2414 1400 2472 sit
1430 2414 1757 2490 proprium,
1789 2421 2101 2490 aspectum

300 2503 615 2564 hominum
646 2508 966 2586 lucemque
1002 2510 1296 2589 refugere,
1331 2530 1556 2588 suaque
1597 2511 1710 2569 sibi
1740 2511 1964 2569 habere
1996 2512 2102 2569 ob-

300 2602 684 2676 lectamenta,
716 2608 978 2684 profanis
1011 2609 1198 2667 oculis
1228 2629 1445 2668 arcana
1474 2617 1657 2686 atque
1689 2609 1896 2668 vetita.

414 2799 536 2858 Sed
605 2803 680 2860 de
749 2803 841 2862 his
912 2807 1100 2863 satis:
1186 2807 1470 2881 quoniam
1541 2807 1788 2883 quidem
1862 2808 2099 2866 notiora

299 2903 440 2954 sunt
481 2900 777 2969 omnibus,
810 2921 991 2977 quam
1029 2923 1160 2979 quae
1199 2905 1435 2980 prolixo
1484 2925 1760 2963 sermone
1800 2907 1960 2983 apud
1994 2925 2098 2965 vos

298 2993 590 3069 disputari
643 2997 922 3055 debeant.
1029 2999 1171 3057 Jam
1224 3002 1475 3059 tertium
1525 3002 1671 3060 licet
1723 3004 2097 3082 attingamus

297 3098 513 3166 caput:
575 3094 736 3168 quod
788 3095 864 3152 ad
913 3096 1189 3156 coelestes
1243 3099 1581 3176 religioneS,
1636 3120 1922 3177 sacraque
1975 3120 2096 3160 ser-

295 3188 492 3246 vanda
534 3191 837 3266 pertinere
884 3193 1166 3254 diximus,
1259 3196 1439 3266 Quod
1483 3197 1774 3256 latissime
1820 3200 2092 3258 omnium

294 3291 486 3360 patet.
578 3286 843 3358 Etenim,
876 3309 1015 3348 cum
1046 3292 1214 3350 nulla
1242 3313 1378 3370 pars
1410 3295 1548 3352 vitae
1578 3315 1936 3373 morumque
1978 3306 2090 3366 est,

295 3401 415 3458 quo
462 3402 583 3441 non
627 3387 932 3465 pertingat
978 3390 1208 3448 sincera
1262 3391 1550 3451 Numinis
1588 3393 1866 3471 placandi
1912 3417 2089 3466 cura3

293 3486 427 3537 tum
458 3483 648 3540 sancti
678 3503 747 3541 ac
779 3488 969 3543 severi
1000 3507 1119 3563 prae
1159 3491 1390 3548 caeteris
1429 3479 1551 3549 isti‘
1571 3499 1714 3550 sunt
1749 3494 2088 3554 animorum

292 3584 512 3647 motus,
570 3582 793 3656 quique
855 3585 1176 3661 aegerrime
1237 3607 1301 3645 se
1365 3589 1561 3648 verbis
1631 3590 1846 3661 efferri,
1908 3593 2089 3652 docta

294 3678 564 3752 quamvis
593 3676 798 3756 lingua
827 3681 1177 3759 interprete,
1203 3687 1542 3761 patiantur:
1589 3690 1814 3747 nedum
1845 3692 2087 3751 rusticis
