2320 4126
418 212 492 264 80
850 213 1194 265 ‘Actuosorum
1220 211 1501 282 exemplar,
1523 212 1798 266 Homerus.
1872 242 1875 244 >
1977 230 2230 273 PRAEL.v1.

415 353 751 433 deligendis
791 375 913 413 non
951 363 1080 414 tam
1118 374 1309 425 suam,
1340 376 1523 432 quam
1565 357 1769 415 saeculi
1807 359 1919 426 sui,
1955 359 2222 420 indolem

413 453 699 513 referant.

518 650 824 729 Sequitur,
868 657 938 708 ut
990 651 1054 708 in
1096 651 1380 728 exemplo
1436 653 1730 723 omnium,
1772 675 1903 732 quae
1952 676 2221 734 unquam

412 752 599 821 fuere,
630 750 1130 828 splendidissime,
1165 751 1308 827 quid
1340 749 1541 809 valeat
1577 753 1732 810 ratio
1774 762 1980 812 nostra
2021 763 2221 816 tente-

412 869 567 909 mus,
658 850 750 908 Eo
790 850 952 907 enim
985 850 1355 918 devenimuS,
1381 849 1758 921 Academici,
1790 860 1861 910 ut
1894 854 2221 914 dicendum

413 949 493 1007 sit
546 950 622 1008 de
675 949 870 1008 Iliade
923 949 1199 1008 Homeri.
1311 948 1803 1021 Monstrandum,
1858 972 1977 1028 quo
2035 956 2223 1031 potis-

413 1049 635 1107 simum
673 1048 915 1117 affectu,
946 1069 1066 1126 quo
1098 1049 1397 1107 desiderio
1430 1049 1547 1107 Ille
1594 1051 1957 1123 commotus,
1989 1054 2223 1132 virgula

413 1150 583 1226 quasi
615 1149 819 1207 divina
848 1149 1162 1228 collegerit
1192 1150 1454 1208 intactas
1484 1157 1667 1209 antea
1699 1150 1964 1211 Poeseos
1996 1173 2174 1231 opes:

777 1262 927 1325 δρόμῳ
950 1260 986 1306 δ’
1010 1262 1182 1308 ἰσώσας
1201 1264 1254 1319 τῇ
1278 1259 1418 1321 φύσει
1438 1262 1493 1307 τὰ
1513 1261 1721 1322 τέρματα,

776 1337 895 1394 νίκης
916 1337 1030 1395 ἔχων
1050 1335 1210 1393 ἕξηλθε
1230 1336 1444 1395 παντίμον
1464 1336 1612 1396 γέρας.

415 1427 577 1488 Satis
615 1429 862 1506 quidem
906 1429 1292 1486 incommode
1333 1429 1574 1498 accidit,
1616 1449 1706 1499 ea,
1746 1449 1880 1507 quae
1919 1431 1995 1489 ad
2033 1431 2220 1489 vitam

412 1528 601 1606 ipsius
654 1527 1060 1605 pertinebant,
1112 1534 1219 1585 aut
1273 1529 1589 1586 evanuisse
1636 1528 1858 1605 injuria
1903 1531 2219 1607 temporiS,

412 1634 521 1686 aut
574 1627 793 1686 fabulis
844 1627 1128 1686 immistis
1178 1628 1266 1684 ita
1317 1627 1546 1696 foedari,
1596 1634 1668 1685 ut
1720 1629 1821 1686 vix
1875 1636 1939 1686 et
1992 1650 2070 1688 ne
2119 1631 2224 1688 vix

414 1728 680 1805 quidem,
720 1748 844 1785 uno
887 1732 1074 1803 atque
1120 1725 1313 1784 altero
1354 1726 1507 1795 locO,
1549 1727 1923 1805 argumentis
1969 1728 2045 1786 ab
2092 1729 2223 1806 ipso

414 1828 681 1886 carmine
742 1827 941 1885 ductis
1000 1834 1251 1884 tenuem
1311 1827 1494 1884 modo
1560 1826 1757 1885 facem
1822 1828 2223 1904 praetendant.

414 1925 839 1986 Veruntamen
886 1925 950 1983 id
987 1921 1246 1984 Homeri
1284 1925 1567 1984 studiosis
1610 1945 1682 1984 eo
1728 1927 1929 1985 minus
1982 1927 2223 1986 officere

415 2025 616 2095 debet,
660 2026 823 2102 quod
865 2026 1174 2083 neminem
1224 2025 1473 2083 omnino
1526 2026 1806 2083 novimus
1852 2026 2222 2104 scriptorem,

416 2126 519 2202 qui
580 2126 914 2203 simplicius
974 2132 1159 2202 atque
1220 2125 1488 2202 apertius
1520 2145 1638 2202 qua
1686 2126 1765 2183 sit
1825 2125 2049 2195 indole,
2103 2147 2222 2204 quo

414 2225 629 2284 habitu
661 2224 865 2293 animi,
900 2224 1067 2282 omni
1098 2225 1225 2282 fere
1257 2223 1526 2282 carmine
1558 2224 1859 2282 ostendat.

503 2324 626 2395 Qui
665 2325 930 2402 primum
961 2324 1206 2401 quidem
1242 2323 1450 2383 otiosis
1480 2323 1600 2382 illis
1640 2323 1893 2380 minime
1931 2343 1995 2381 se
2036 2323 2225 2382 adnu-

414 2425 635 2485 merari
674 2425 979 2502 patietur:
1035 2443 1273 2501 semper
1316 2424 1479 2481 enim
1523 2423 1788 2491 festinat,
1831 2428 1895 2479 et
1934 2422 2225 2482 ulteriora

415 2525 684 2593 molitur,
717 2525 1109 2600 animumque
1140 2515 1339 2582 rebus*
1362 2523 1614 2601 agendis
1658 2528 1871 2599 aptum
1902 2521 2072 2580 nulla
2101 2542 2224 2581 non

414 2625 636 2704 pagina
707 2643 827 2701 prae
902 2642 966 2681 se
1039 2622 1178 2681 fert.
1297 2621 1437 2680 Hoc
1510 2620 1663 2679 illud
1737 2627 1849 2688 est,
1925 2621 2087 2697 quod
2160 2622 2224 2680 in

418 2724 762 2783 Homericis
799 2722 875 2781 ab
904 2721 1242 2781 Aristotele
1273 2722 1456 2780 toties
1487 2716 1840 2798 laudaturd:
1885 2718 2055 2789 μόνος
2087 2717 2222 2801 γὰρ,

414 2824 635 2901 inquit,
685 2822 793 2902 οὐχ
846 2820 937 2880 ὅτι
991 2818 1062 2890 εὖ,
1105 2820 1240 2879 ἀλλ’
1293 2819 1385 2879 ὅτι
1437 2818 1527 2878 καὶ
1573 2822 1830 2889 μιμήσεις
1882 2816 2226 2899 &pana-remis·

416 2922 675 2990 ἐποίησεν
722 2966 926 2980 .....
966 2919 1135 2990 μόνος
1193 2924 1305 2978 τῶν
1357 2923 1602 2988 ποιητῶν
1650 2919 1757 2998 οὔχ
1815 2917 2013 2995 ἀγνοεῖ
2068 2916 2098 2975 ὃ
2145 2914 2228 2975 δεῖ

417 3028 597 3079 ποιεῖν
656 3019 843 3078 αὐτόν.
949 3015 1145 3078 Αὐτὸν
1192 3016 1308 3099 γὰρ
1363 3016 1446 3076 δεῖ
1493 3015 1597 3076 τὸν
1644 3017 1883 3086 ποιητὴν
1932 3013 2220 3097 ἐλάχιστα

416 3120 607 3198 λέγειν
654 3165 668 3179 .
702 3164 716 3178 .
750 3163 763 3175 .
800 3163 813 3175 .
860 3118 918 3176 οἶ
944 3115 1042 3187 μὲν
1074 3114 1165 3175 οἷ’ἶν
1195 3114 1387 3184 ἄλλοι,
1420 3114 1578 3175 αὐτοὶ
1610 3114 1709 3185 μὲν
1749 3114 1817 3174 δι’
1854 3115 1994 3174 ὅλου
2023 3115 2224 3192 ἀγωνί-

419 3216 637 3303 ζονται,
684 3224 981 3289 μιμοῦνται
1035 3217 1093 3278 δὲ
1136 3218 1312 3295 ὀλίγα
1364 3217 1454 3276 καὶ
1505 3214 1780 3294 ὀλιγάκις.
1842 3218 1874 3275 ὁ
1925 3215 2002 3288 δὲ,
2045 3216 2221 3294 ὀλίγα

417 3314 923 3399 φροιμιασάμενος,
963 3315 1111 3381 εὐθὺς
1160 3315 1379 3393 εἰσάγει
1419 3313 1593 3396 ἄνδρα
1633 3315 1664 3384 ’ἦ
1704 3322 1957 3392 γυναῖκα,
1999 3314 2030 3383 ’ἦ
2067 3312 2220 3372 ἄλλο

416 3442 475 3475 τι
529 3416 676 3484 ἦθος·
723 3415 813 3474 καὶ
863 3414 1015 3475 οὐδὲν
1067 3413 1244 3484 ἄηθες,
1290 3414 1425 3472 ἀλλ’
1462 3414 1610 3494 ,ἕχον
1661 3413 1812 3481 ἦθος.
1906 3412 2218 3470 Nimirum

418 3514 786 3575 Aristoteles
805 3515 1050 3575 laudem
1070 3534 1336 3587 omnem,
1355 3521 1427 3572 ut
1436 3513 1724 3583 Virtutis,
1744 3513 1832 3572 ita
1854 3512 2132 3580 PoeseOS,
2156 3511 2219 3570 in

996 3660 1021 3691 ά
1055 3660 1180 3706 Poet.
1204 3675 1332 3719 capp.
1357 3659 1446 3705 viii.
1471 3666 1515 3704 et
1535 3658 1642 3704 xliv.
