2320 4126
150 258 308 292 ram..
329 258 364 291 1.
509 239 594 291 De
601 239 751 308 sonte
772 237 988 307 quodam
1003 237 1271 306 praeoipuo
1294 237 1513 288 poeseos.
1868 239 1905 294 9

150 382 506 449 sententia83
558 380 978 438 diversissimas
1024 379 1158 437 illas
1200 379 1461 454 quidem,
1506 397 1651 454 quas
1700 387 1905 436 tamen

150 478 309 534 inter
349 495 411 534 se
460 477 602 534 satis
651 483 792 551 apte
841 475 1140 532 conciliari
1192 494 1362 550 posse
1412 475 1684 542 arbitror,
1728 476 1907 531 modo

151 571 304 628 bene
331 572 527 646 posita
554 571 774 627 fuerint
803 570 934 628 haec
964 571 1048 626 rei
1079 570 1267 626 totius
1296 570 1484 625 initia.

236 666 544 724 Postremo
591 675 858 724 veterum
907 666 1227 723 Poetarum
1269 666 1579 740 principes,
1623 673 1907 739 tanquam

152 768 353 827 testes,
404 761 618 838 singuli
669 762 883 830 ciendi,
931 768 995 817 et
1044 762 1106 817 in
1150 761 1631 836 praestantissimo
1675 779 1910 835 quoque

152 859 460 915 sententiae
490 865 702 915 nostrae
732 857 1060 933 periculum
1090 857 1445 915 faciendum.
1511 857 1646 926 Qua
1668 858 1907 932 quidem

153 955 398 1021 ratione,
428 955 540 1011 etsi
582 955 764 1029 (quod
802 955 1031 1010 utinam
1061 953 1235 1010 aliter
1272 955 1535 1023 eveniat)
1570 955 1644 1010 de
1674 973 1907 1011 summa

154 1052 239 1107 rei
282 1070 388 1107 1108
427 1059 532 1107 aut
574 1069 793 1107 errasse
836 1059 941 1107 aut
985 1051 1288 1107 obscurius
1331 1052 1519 1126 egisse
1555 1051 1906 1118 videbimur,

155 1147 281 1204 fieri
311 1155 512 1204 tamen
543 1148 781 1222 poterit,
811 1154 880 1203 ut
908 1148 970 1203 in
999 1147 1307 1223 exemplis,
1337 1147 1582 1222 aliisque
1612 1148 1671 1204 id
1702 1166 1910 1224 genuS,

156 1244 455 1300 commodi
482 1242 709 1317 aliquid
737 1243 1039 1299 interdum
1070 1243 1325 1301 excidat.

243 1525 538 1602 Principio
567 1528 767 1604 igitur,
797 1529 883 1585 ita
912 1548 1019 1586 nos
1049 1548 1255 1587 omnes
1283 1548 1319 1586 a
1347 1538 1561 1587 natura
1589 1530 1915 1604 comparati

158 1640 376 1690 811111118,
421 1630 489 1679 ut
532 1643 749 1700 magno
795 1625 967 1682 nobis
1025 1626 1102 1682 sit
1159 1626 1387 1693 solatio,
1447 1626 1682 1700 quando
1739 1624 1918 1681 vehe-

158 1718 450 1775 mentiore
488 1718 686 1794 aliquo
722 1719 957 1787 affectu,
987 1729 1091 1777 aut
1131 1721 1308 1796 plena
1338 1722 1502 1796 quasi
1539 1728 1742 1778 mente
1783 1721 1919 1778 feri-

159 1834 308 1882 mur,
350 1816 559 1882 ve1·bis,
598 1824 789 1892 gestu,
831 1836 1187 1892 quoeunque
1227 1819 1467 1874 demum
1514 1819 1709 1883 mod0‚
1746 1836 1918 1893 posse

160 1911 402 1969 tandem
449 1931 519 1969 ea
561 1932 696 1987 quae
740 1914 1029 1970 sentimus
1072 1933 1440 1989 expromere.
1527 1913 1703 1981 Quod
1745 1915 1806 1970 in
1847 1914 1919 1971 iis

161 2006 483 2063 clarissime
526 2007 806 2075 cernitur,
853 2008 955 2083 qui
1007 2008 1115 2065 soli
1174 2027 1376 2066 secum
1419 2011 1787 2066 mussitando
1836 2009 1920 2066 lo-

163 2110 442 2177 quuntur,
477 2103 669 2176 siquid
708 2103 898 2159 acrius
937 2104 1203 2160 animum
1243 2105 1651 2161 commoverit.
1740 2104 1921 2162 Unde

162 2198 345 2255 etiam
374 2217 445 2254 ea
473 2199 631 2273 apud
660 2198 981 2275 Tragoedos
1020 2201 1235 2275 passim
1273 2201 1481 2267 obvia3
1527 2200 1741 2274 quibus
1771 2200 1920 2257 nihil

163 2293 350 2350 ferme
385 2294 679 2363 usitatius,
710 2314 888 2369 quam
927 2303 996 2351 ut
1034 2296 1405 2371 gravissimas
1434 2315 1712 2371 personas
1752 2297 1925 2354 indu-

164 2397 318 2456 cant,
358 2407 464 2445 sua
505 2389 616 2446 sibi
666 2397 836 2465 gesta
878 2398 1059 2465 atque
1103 2391 1347 2448 consilia
1390 2410 1605 2468 magna
1647 2391 1923 2467 claraque

133 2500 310 2541 ‘voce
347 2492 669 2541 narrantes,
758 2485 894 2553 Qua
936 2485 1178 2543 licentia
1221 2507 1359 2544 cum
1400 2487 1486 2543 illi
1529 2488 1739 2563 saepius
1781 2489 1927 2546 abu-

166 2587 385 2647 tantur,
423 2588 554 2637 tum
592 2581 860 2655 profecto
904 2582 1070 2638 nulla
1119 2584 1360 2639 omnino
1407 2584 1636 2640 ratione
1684 2585 1927 2642 ferenda

165 2696 238 2734 ea
278 2677 451 2745 foret,
485 2679 596 2735 nisi
639 2678 906 2753 plerique
948 2687 1338 2755 agnoscerent
1381 2681 1697 2746 auditoreS,
1743 2682 1925 2738 etiam

165 2772 228 2828 in
257 2790 320 2828 se
349 2773 490 2846 ipsis
519 2773 837 2848 aliquando
866 2774 1059 2830 simile
1089 2774 1313 2849 aliquid
1344 2775 1582 2831 evenire
1610 2794 1799 2850 posse.

252 2867 453 2935 Quid?
498 2869 558 2924 in
597 2870 758 2925 omni
799 2869 1003 2945 lingua
1041 2870 1315 2927 solennes
1351 2872 1479 2927 istae
1521 2871 1801 2946 ejulandi,
1832 2892 1929 2929 ac-

168 2962 480 3030 clamandi,
515 2966 831 3021 execrandi
870 2985 1106 3041 quoque
1136 2966 1430 3033 formulae,
1472 2986 1670 3024 nonne
1714 2969 1922 3024 eodem

169 3059 367 3115 omnia
395 3060 760 3117 deveniunt?
848 3061 1004 3118 Sunt
1032 3062 1124 3118 hae
1152 3063 1389 3136 quidem
1422 3064 1687 3138 profanae
1717 3083 1786 3120 ac
1824 3084 1925 3120 ne·

170 3154 345 3220 fariae,
385 3174 529 3229 quas
565 3158 880 3214 execrandi
918 3177 1094 3215 causa
1135 3158 1422 3215 adhibent
1465 3160 1630 3234 impii
1678 3168 1740 3216 et
1789 3180 1930 3217 con-

170 3249 439 3307 scelerati
477 3251 763 3319 homines,
800 3255 903 3310 sed
946 3254 1212 3310 indicant
1252 3255 1476 3328 utique,
1517 3264 1807 3329 quantum
1853 3258 1928 3313 ad

171 3344 399 3400 animos
454 3345 743 3403 sedandos
799 3349 1114 3423 pertineat,
1172 3356 1241 3404 ut
1292 3350 1353 3404 in
1407 3350 1586 3406 verba
1634 3370 1702 3407 ac
1758 3370 1932 3408 voces

174 3441 538 3515 erumpendi,
560 3449 623 3497 et
652 3444 910 3516 pectoris
940 3445 1105 3517 quasi
1136 3445 1438 3519 aperiendi
1470 3446 1546 3501 sit
1581 3448 1692 3503 via.

259 3533 348 3591 At
377 3555 516 3592 vero
545 3555 616 3592 ea
645 3537 887 3594 rudibus
926 3540 1103 3595 modo
1144 3541 1396 3616 ingeniis
1436 3548 1498 3596 et
1534 3549 1770 3599 tantum
1813 3563 1931 3600 non
