2320 4126
162 276 316 310 PRAEL.
338 275 429 308 vn.
467 257 654 308 Latius
677 274 785 308 eam
798 264 994 325 patere,
1022 274 1174 325 quam
1198 257 1342 325 vulyo
1368 258 1674 312 emistimant.
1838 263 1910 317 89

245 403 439 478 Igitur
466 408 779 477 postquam
801 402 866 468 is,
886 420 1070 458 annos
1090 402 1218 475 jam
1242 420 1476 468 novem,
1495 403 1911 478 ingruentibus

159 499 404 556 Achivis
434 498 591 554 solus
620 517 785 572 paene
814 499 1127 564 restiterat,
1158 497 1517 577 tradebatur,
1543 500 1739 568 credO,
1771 499 1913 556 His-

159 597 475 651 toricorum
508 614 741 668 quoque
771 593 1092 670 annalibus,
1118 593 1252 650 talis
1282 593 1491 668 aliquis
1521 613 1716 650 rerum
1748 597 1909 662 ord0,

160 690 391 765 qualem
431 691 599 746 nobis
643 690 887 764 exponit
928 689 1147 746 Poeta:
1200 690 1263 745 in
1301 708 1372 745 eo
1413 690 1592 746 fuisse
1639 709 1731 747 res
1767 691 1910 749 Tro-

148 788 333 862 janaS,
364 793 433 842 ut
472 804 647 841 nemo
667 786 793 860 jam
831 785 1098 860 amplius,
1129 805 1205 842 ne
1235 785 1467 842 Hector
1495 787 1734 861 quidem
1764 787 1907 862 ipse,

159 889 360 957 aperto
395 882 457 937 in
497 900 705 956 campo
746 882 911 957 signa
951 881 1217 938 conferre
1247 883 1510 939 auderet.
1600 882 1909 958 Expressis

159 979 349 1035 verbis
377 978 661 1054 gloriatur
681 977 949 1034 Achilles
971 996 985 1044 ;

745 1100 865 1158 ὄφρα
885 1099 920 1144 δ’
943 1099 1028 1158 ἐγὼ
1049 1100 1138 1157 μετ’
1159 1100 1405 1158 Ἀχαιοῖσιν
1424 1101 1670 1159 πολέμιζον,

450 1171 526 1216 οὐκ
545 1171 754 1216 ἐθέλεσκε
773 1173 914 1230 μάχην
933 1173 1017 1216 ἀπὸ
1039 1173 1204 1230 τείχεος
1223 1173 1404 1231 ὀρνύμεν
1417 1172 1600 1232 Ἕκτωρ,

449 1244 548 1288 ἀλλ’
571 1244 678 1289 ὅσον
695 1244 741 1289 ἐς
762 1245 913 1290 Σκαιάς
932 1263 980 1288 τε
999 1244 1140 1290 πύλας
1162 1246 1230 1288 καὶ
1251 1246 1395 1303 φηγὸν
1414 1244 1553 1290 ἵκανεν
1566 1252 1595 1289 ⁸.

161 1366 408 1423 Factum
473 1368 673 1441 itaque
733 1367 1014 1424 Numinis
1080 1367 1340 1435 consiliO,
1403 1388 1519 1443 quo
1579 1369 1726 1425 nihil
1787 1389 1908 1427 non

159 1464 415 1520 studiose
471 1463 652 1519 refert
704 1463 944 1530 Noster,
996 1471 1065 1519 ut
1123 1463 1390 1539 capitalis
1446 1464 1549 1520 illa
1600 1464 1697 1521 Ira
1746 1465 1907 1542 Aga-

157 1580 473 1617 memnona
516 1561 672 1617 inter
720 1568 781 1616 et
826 1559 1127 1617 Achillem
1179 1560 1594 1617 intercederet.
1694 1562 1906 1637 Itaque

157 1663 402 1712 vacante
432 1655 685 1713 Achillis
720 1656 867 1723 loc0,
904 1675 1099 1713 rursus
1140 1656 1347 1731 proelia
1386 1663 1617 1713 tentare
1653 1657 1905 1733 Trojani,

157 1752 481 1825 animisque
527 1754 674 1808 adeo
726 1752 1072 1818 confirmari,
1118 1770 1180 1807 re
1231 1752 1413 1808 semel
1465 1759 1644 1826 atque
1687 1753 1905 1809 iterum

156 1847 407 1904 feliciter
461 1856 643 1924 gesta,
695 1856 763 1904 ut
820 1868 895 1904 ne
952 1849 1252 1904 redeuntis
1303 1850 1542 1923 quidem
1594 1850 1904 1923 impetum,

156 1944 320 2000 velut
377 1952 567 2011 antea,
628 1945 1062 2001 detrectarent:
1137 1944 1218 1999 sic
1288 1943 1528 1999 demum
1597 1944 1905 2018 perdidere

157 2039 369 2106 omnia,
400 2037 661 2114 Asiaque
691 2039 990 2113 potentior
1020 2038 1206 2094 evasit
1238 2037 1580 2094 Graecorum
1609 2057 1775 2113 gens,

239 2133 386 2191 Haec
431 2144 521 2192 est
566 2135 767 2192 Iliadis
807 2154 1054 2203 summa,
1092 2134 1389 2191 annalium
1428 2135 1565 2201 ritu,
1592 2136 1799 2209 jejune
1836 2154 1904 2191 ac

157 2230 499 2304 simpliciter
569 2240 872 2288 enarrata:
962 2251 1138 2306 quam
1211 2230 1618 2298 Grammatici,
1691 2231 1904 2306 frigide

155 2325 344 2395 11111113,
373 2326 605 2401 placato
635 2326 875 2384 Achille
912 2328 1215 2384 terminari
1255 2328 1452 2383 aiunt:
1500 2346 1628 2401 quae
1664 2326 1904 2400 quidem

154 2425 427 2480 materies
485 2425 727 2480 carmini
781 2424 1159 2500 PanegyricO,
1214 2423 1408 2497 qualia
1459 2432 1597 2479 sunt
1647 2423 1903 2488 Pindari,

154 2515 305 2572 bene
351 2518 545 2574 forsan
592 2521 967 2587 conveniret3
1021 2539 1138 2575 non
1183 2527 1308 2576 erat
1357 2539 1462 2593 per
1505 2538 1567 2575 se
1612 2525 1795 2584 tanta,
1836 2527 1904 2573 ut

154 2614 340 2686 spatia
391 2613 712 2671 Homerica
753 2616 998 2690 implere
1050 2635 1219 2690 posse
1269 2617 1585 2671 videretur.
1690 2614 1904 2688 Itaque

154 2715 215 2763 et
259 2709 447 2765 Iliada
505 2712 794 2767 nominari
850 2730 1021 2767 suum
1081 2711 1268 2767 voluit
1327 2730 1580 2776 carmen,
1640 2730 1776 2776 non,
1834 2717 1904 2765 ut

155 2803 399 2871 Statius,
465 2803 802 2862 Achilleida
873 2808 1166 2880 quandam
1199 2826 1210 2863 :
1299 2814 1360 2863 et
1431 2807 1505 2862 ad
1572 2807 1902 2862 universam

154 2889 511 2975 Argivorum
563 2902 882 2968 nationem,
933 2922 1051 2959 non
1101 2903 1175 2959 ad
1223 2902 1537 2959 Phthiotas
1584 2902 1753 2967 solos,
1798 2909 1903 2957 aut

155 2995 602 3071 Myrmidonum
633 2998 783 3055 filios
811 3001 1124 3074 pertinere.
1199 2999 1393 3055 Immo
1425 3019 1562 3056 vero
1593 2999 1668 3055 ad
1698 3018 1903 3055 omnes

152 3100 392 3167 gentes:
451 3093 580 3151 haec
631 3095 789 3150 enim
838 3097 1028 3170 prima
1079 3103 1221 3163 erat,
1264 3116 1391 3170 quae
1437 3095 1673 3152 Graecos
1725 3115 1902 3170 gene-

153 3190 324 3244 ratim
370 3209 504 3246 cum
550 3190 823 3248 Barbaris
866 3194 1287 3260 committeret,
1332 3211 1522 3249 causa.
1613 3190 1742 3269 Πρὸ
1789 3190 1901 3269 γὰρ

151 3289 257 3340 τῶν
288 3284 539 3362 Τρωϊκῶν
569 3286 712 3343 οὐδὲν
753 3288 1006 3366 φαίνεται
1045 3289 1321 3366 πρότερον
1364 3292 1510 3362 κοινῇ
1553 3288 1900 3365 ἐργασαμένη

154 3381 182 3443 ἡ
218 3378 491 3440 ‘Emona
582 3383 798 3458 Neque
833 3386 989 3441 inter
1020 3393 1288 3440 veterum
1317 3390 1707 3440 monumenta
1735 3391 1904 3440 exta-

387 3583 411 3607 a
443 3577 495 3620 ΙΙ.
518 3577 577 3620 ix.
601 3588 702 3634 353.
1296 3578 1318 3608 b
1339 3577 1545 3636 Thucyd.
1569 3578 1597 3621 i.
1621 3592 1664 3635 3.
