2320 4126
397 210 506 261 104
562 205 789 261 Achilles
813 205 1058 269 Heroum,
1087 222 1188 257 non
1210 203 1564 275 yladiatorwm
1591 201 1868 272 exemplar.
1927 220 2086 254 PRAEL.
2106 220 2197 253 v11.

640 342 685 390 ἐς
704 342 864 401 πηγὰς,
886 339 958 386 ὅθι
978 359 1045 385 τοι
1067 340 1245 396 τέμενος
1264 341 1417 396 βωμός
1436 357 1485 383 τε
1506 337 1664 396 θυήεις.

641 418 699 463 ὣς
718 415 842 475 ἠρᾶθ’
866 417 891 459 ὁ
911 415 1068 475 γέρων,
1092 414 1151 460 σὺ
1173 414 1225 458 δέ
1242 415 1283 458 οἶ
1305 415 1406 458 νόον
1427 413 1504 457 οὐκ
1526 411 1787 460 ἐτέλεσσας,

642 493 719 535 νῦν
741 488 778 534 δ’
802 488 896 534 ἐπεὶ
918 489 970 533 οὔ
992 488 1144 546 νέομαί
1162 506 1215 547 γε
1235 487 1376 546 φίλην
1397 486 1442 532 ἐς
1459 486 1649 545 πατρίδα
1669 488 1812 546 γαῖαν,

641 563 888 623 Πατρόκλῳ
904 560 1015 620 ἥρωϊ
1033 562 1170 618 κόμην
1189 559 1404 618 ὀπάσαιμι
1420 559 1641 620 φέρεσθαι
1649 567 1687 605 a,

486 708 830 776 Videtisne,
851 705 1162 764 Achillem
1200 707 1344 766 satis
1374 706 1558 786 longo
1588 706 1909 766 intervallo
1945 707 2204 785 separari

399 808 477 867 ab
535 807 789 866 immani
848 807 965 864 isto
1016 826 1242 884 genere
1299 806 1682 877 bellantium,
1731 807 1836 884 qui
1887 806 2039 865 nihil
2089 807 2204 864 nisi

399 913 663 965 mortem
703 906 1018 982 minasque
1059 906 1324 982 spirant;
1363 906 1642 983 proxime
1678 912 1887 964 autem
1917 907 2206 974 accedere

401 1006 478 1064 ad
509 1024 663 1074 eam,
695 1023 878 1081 quam
919 1023 1030 1063 nos
1059 1024 1181 1062 non
1212 1005 1299 1063 ita
1338 1005 1575 1082 pridem
1604 1005 1856 1063 rudibus
1894 1010 2206 1081 utcunque

401 1103 577 1162 lineis
636 1102 999 1172 effinximus,
1059 1104 1390 1182 imaginem
1446 1105 1616 1181 quasi
1675 1110 1740 1162 et
1795 1101 1946 1161 ἰ’δεαν
1981 1104 2207 1162 AEtatis

402 1202 736 1263 Heroicae?
843 1201 992 1260 Non
1050 1203 1151 1260 hic
1205 1203 1377 1261 deest
1436 1222 1634 1279 neque
1684 1202 1962 1261 militaris
2013 1202 2207 1272 ardor,

401 1320 601 1380 neque
649 1321 819 1360 amor
864 1301 985 1371 ille,
1034 1301 1217 1379 paulo
1259 1303 1608 1379 jactantior,
1650 1302 1864 1379 patriae
1909 1308 1973 1360 et
2019 1301 2210 1361 Achi-

403 1420 618 1459 vorum
655 1401 875 1478 stirpis,
907 1420 1107 1477 neque
1143 1400 1354 1479 religio
1385 1421 1677 1479 perquam
1709 1400 2038 1470 familiariS,
2069 1421 2208 1479 quae

404 1498 572 1558 Deos
632 1499 998 1569 hominibus
1059 1500 1327 1579 singulos
1397 1520 1574 1578 paene
1644 1501 1912 1580 singulis,
1973 1506 2210 1559 tutores

404 1605 590 1675 atque
622 1600 879 1657 comites
908 1599 1160 1658 tribuat.

524 1694 867 1754 Statuimus
931 1697 1156 1774 itaque,
1216 1717 1340 1755 non
1398 1705 1632 1757 temere
1701 1719 1843 1758 eum
1901 1698 2210 1776 prodiisse,

406 1800 696 1869 tanquam
738 1814 773 1853 e
812 1795 1100 1854 rusticani
1143 1795 1383 1855 officina
1416 1797 1767 1875 gladiatoris
1796 1798 2000 1858 nescio
2041 1797 2212 1873 cujus

406 1891 707 1970 effigiem3
749 1894 854 1951 sed
887 1912 1027 1952 cum
1058 1901 1188 1953 arte
1218 1895 1539 1972 plusquam
1565 1895 1855 1955 Phidiaca
1883 1897 2212 1975 imaginem

405 1992 548 2068 poni
590 1990 772 2070 longe
812 1994 1246 2071 augustiorem,
1277 2014 1460 2072 quam
1500 1995 1619 2054 fuit
1658 1995 1764 2054 illa
1805 1996 2211 2055 commentitii

406 2089 449 2148 J
452 2090 615 2159 ovis3
677 2091 1052 2168 posterisque
1099 2093 1164 2150 in
1208 2100 1504 2152 aeternum
1556 2095 1714 2153 tradi
1767 2114 1907 2154 vera
1960 2103 2024 2154 et
2076 2096 2213 2153 viva

405 2189 778 2250 lineamenta
847 2191 1104 2250 heroicae
1177 2193 1440 2263 virtutiS,
1515 2194 1757 2271 qualem
1843 2215 1978 2254 eam
2051 2198 2212 2274 apud

409 2288 654 2349 Graecos
692 2310 830 2350 suos
868 2289 1178 2351 Homerus
1216 2293 1489 2362 credidit,
1521 2293 1716 2352 voluit
1752 2294 1999 2372 quidem
2030 2304 2215 2366 certe,

407 2389 628 2467 vigere.

1139 2493 1163 2518 a
1196 2486 1250 2532 11.
1274 2486 1398 2533 xxiii.
1427 2502 1528 2544 140.
