<?xml version="1.0" encoding="UTF-8"?>
<!DOCTYPE html PUBLIC "-//W3C//DTD XHTML 1.0 Transitional//EN"
    "http://www.w3.org/TR/xhtml1/DTD/xhtml1-transitional.dtd">
<html xmlns="http://www.w3.org/1999/xhtml" xml:lang="en" lang="en">
 <head>
  <title>
</title>
<meta http-equiv="Content-Type" content="text/html;charset=utf-8" />
  <meta name='ocr-system' content='tesseract 3.04.00' />
  <meta name='ocr-capabilities' content='ocr_page ocr_carea ocr_par ocr_line ocrx_word'/>
</head>
<body>
  <div class='ocr_page' id='page_1' title='image "./a588873901kebluoft_0179.png"; bbox 0 0 2320 4126; ppageno 0'>
   <div class='ocr_carea' id='block_1_1' title="bbox 151 264 1891 337">
    <p class='ocr_par' dir='ltr' id='par_1_1' title="bbox 151 264 1891 337">
     <span class='ocr_line' id='line_1_1' title="bbox 151 264 1891 337; baseline -0.007 -11"><span class='ocrx_word' id='word_1_1' title='bbox 151 293 308 326; x_wconf 83' lang='lat' dir='ltr'><strong>PRAEL.</strong></span> <span class='ocrx_word' id='word_1_2' title='bbox 330 292 399 323; x_wconf 84' lang='lat' dir='ltr'>XI.</span> <span class='ocrx_word' id='word_1_3' title='bbox 546 269 751 337; x_wconf 63' lang='lat' dir='ltr'>Duplam</span> <span class='ocrx_word' id='word_1_4' title='bbox 775 267 1008 318; x_wconf 74' lang='lat' dir='ltr'>Heroicae</span> <span class='ocrx_word' id='word_1_5' title='bbox 1038 267 1240 318; x_wconf 72' lang='lat' dir='ltr'>Poeseos</span> <span class='ocrx_word' id='word_1_6' title='bbox 1265 284 1482 334; x_wconf 76' lang='lat' dir='ltr'>campus.</span> <span class='ocrx_word' id='word_1_7' title='bbox 1786 264 1891 321; x_wconf 83' lang='lat'>169</span> 
     </span>
    </p>
   </div>
   <div class='ocr_carea' id='block_1_2' title="bbox 148 408 1891 1451">
    <p class='ocr_par' dir='ltr' id='par_1_2' title="bbox 150 408 1891 972">
     <span class='ocr_line' id='line_1_2' title="bbox 237 408 1890 488; baseline -0.005 -16"><span class='ocrx_word' id='word_1_8' title='bbox 237 417 414 472; x_wconf 91' lang='lat' dir='ltr'>Porro</span> <span class='ocrx_word' id='word_1_9' title='bbox 460 413 761 488; x_wconf 83' lang='lat' dir='ltr'>Longinus</span> <span class='ocrx_word' id='word_1_10' title='bbox 806 410 962 467; x_wconf 90' lang='lat' dir='ltr'>haud</span> <span class='ocrx_word' id='word_1_11' title='bbox 998 409 1174 465; x_wconf 89' lang='lat' dir='ltr'>dubie</span> <span class='ocrx_word' id='word_1_12' title='bbox 1219 427 1355 464; x_wconf 89' lang='lat' dir='ltr'>cum</span> <span class='ocrx_word' id='word_1_13' title='bbox 1400 409 1469 464; x_wconf 90' lang='lat' dir='ltr'>iis</span> <span class='ocrx_word' id='word_1_14' title='bbox 1502 408 1732 464; x_wconf 87' lang='lat' dir='ltr'>videtur</span> <span class='ocrx_word' id='word_1_15' title='bbox 1763 427 1890 464; x_wconf 90' lang='lat' dir='ltr'>sen-</span> 
     </span>
     <span class='ocr_line' id='line_1_3' title="bbox 152 504 1888 584; baseline -0.005 -15"><span class='ocrx_word' id='word_1_16' title='bbox 152 513 304 577; x_wconf 81' lang='lat' dir='ltr'><strong>sisse,</strong></span> <span class='ocrx_word' id='word_1_17' title='bbox 329 511 422 584; x_wconf 90' lang='lat' dir='ltr'>qui</span> <span class='ocrx_word' id='word_1_18' title='bbox 456 510 517 565; x_wconf 91' lang='lat' dir='ltr'>in</span> <span class='ocrx_word' id='word_1_19' title='bbox 548 507 746 583; x_wconf 89' lang='lat' dir='ltr'>Epicis</span> <span class='ocrx_word' id='word_1_20' title='bbox 775 506 1001 581; x_wconf 89' lang='lat' dir='ltr'>peccari</span> <span class='ocrx_word' id='word_1_21' title='bbox 1031 511 1258 580; x_wconf 88' lang='lat' dir='ltr'>putant,</span> <span class='ocrx_word' id='word_1_22' title='bbox 1278 505 1387 578; x_wconf 72' lang='lat' dir='ltr'>nisi</span> <span class='ocrx_word' id='word_1_23' title='bbox 1413 504 1609 560; x_wconf 91' lang='lat' dir='ltr'>omnia</span> <span class='ocrx_word' id='word_1_24' title='bbox 1629 504 1888 579; x_wconf 80' lang='lat' dir='ltr'>grandia,</span> 
     </span>
     <span class='ocr_line' id='line_1_4' title="bbox 151 600 1891 683; baseline -0.006 -18"><span class='ocrx_word' id='word_1_25' title='bbox 151 607 360 683; x_wconf 87' lang='lat' dir='ltr'>ampla,</span> <span class='ocrx_word' id='word_1_26' title='bbox 391 606 708 682; x_wconf 88' lang='lat' dir='ltr'>splendida,</span> <span class='ocrx_word' id='word_1_27' title='bbox 741 623 877 660; x_wconf 91' lang='lat' dir='ltr'>cum</span> <span class='ocrx_word' id='word_1_28' title='bbox 916 602 1190 678; x_wconf 75' lang='lat' dir='ltr'>aequabili</span> <span class='ocrx_word' id='word_1_29' title='bbox 1222 602 1475 677; x_wconf 89' lang='lat' dir='ltr'>quodam</span> <span class='ocrx_word' id='word_1_30' title='bbox 1507 609 1712 657; x_wconf 90' lang='lat' dir='ltr'>tenore</span> <span class='ocrx_word' id='word_1_31' title='bbox 1753 600 1891 656; x_wconf 86' lang='lat' dir='ltr'>effe-</span> 
     </span>
     <span class='ocr_line' id='line_1_5' title="bbox 151 696 1889 776; baseline -0.004 -18"><span class='ocrx_word' id='word_1_32' title='bbox 151 711 395 760; x_wconf 81' lang='lat' dir='ltr'>ranturz·</span> <span class='ocrx_word' id='word_1_33' title='bbox 426 702 589 776; x_wconf 83' lang='lat' dir='ltr'>quasi</span> <span class='ocrx_word' id='word_1_34' title='bbox 619 719 755 756; x_wconf 88' lang='lat' dir='ltr'>vero</span> <span class='ocrx_word' id='word_1_35' title='bbox 786 719 902 756; x_wconf 89' lang='lat' dir='ltr'>non</span> <span class='ocrx_word' id='word_1_36' title='bbox 934 698 1149 755; x_wconf 88' lang='lat' dir='ltr'>habeat</span> <span class='ocrx_word' id='word_1_37' title='bbox 1181 697 1320 754; x_wconf 91' lang='lat' dir='ltr'>Ilias</span> <span class='ocrx_word' id='word_1_38' title='bbox 1350 716 1584 772; x_wconf 92' lang='lat' dir='ltr'>quoque</span> <span class='ocrx_word' id='word_1_39' title='bbox 1626 715 1759 752; x_wconf 90' lang='lat' dir='ltr'>suos</span> <span class='ocrx_word' id='word_1_40' title='bbox 1797 696 1889 762; x_wconf 90' lang='grc'><strong>(111</strong></span> 
     </span>
     <span class='ocr_line' id='line_1_6' title="bbox 150 793 1887 873; baseline -0.006 -16"><span class='ocrx_word' id='word_1_41' title='bbox 150 803 234 858; x_wconf 86' lang='grc'>113</span> <span class='ocrx_word' id='word_1_42' title='bbox 256 800 469 873; x_wconf 84' lang='grc'><strong>(1103111)</strong></span> <span class='ocrx_word' id='word_1_43' title='bbox 500 816 778 864; x_wconf 80' lang='lat' dir='ltr'>recessus,</span> <span class='ocrx_word' id='word_1_44' title='bbox 809 796 909 852; x_wconf 91' lang='lat' dir='ltr'>ubi</span> <span class='ocrx_word' id='word_1_45' title='bbox 946 814 1051 870; x_wconf 90' lang='lat' dir='ltr'>per</span> <span class='ocrx_word' id='word_1_46' title='bbox 1080 796 1341 869; x_wconf 91' lang='lat' dir='ltr'>quietem</span> <span class='ocrx_word' id='word_1_47' title='bbox 1382 802 1443 850; x_wconf 90' lang='lat' dir='ltr'>et</span> <span class='ocrx_word' id='word_1_48' title='bbox 1487 793 1887 850; x_wconf 77' lang='lat' dir='ltr'>remissionem</span> 
     </span>
     <span class='ocr_line' id='line_1_7' title="bbox 150 891 1420 972; baseline -0.006 -19"><span class='ocrx_word' id='word_1_49' title='bbox 150 903 354 972; x_wconf 89' lang='lat' dir='ltr'>parant</span> <span class='ocrx_word' id='word_1_50' title='bbox 384 914 444 952; x_wconf 92' lang='lat' dir='ltr'>se</span> <span class='ocrx_word' id='word_1_51' title='bbox 475 893 704 950; x_wconf 89' lang='lat' dir='ltr'>Heroes</span> <span class='ocrx_word' id='word_1_52' title='bbox 735 894 806 949; x_wconf 89' lang='lat' dir='ltr'>ad</span> <span class='ocrx_word' id='word_1_53' title='bbox 830 910 1043 968; x_wconf 87' lang='lat' dir='ltr'>magna</span> <span class='ocrx_word' id='word_1_54' title='bbox 1073 891 1420 967; x_wconf 86' lang='lat' dir='ltr'>peragenda.</span> 
     </span>
    </p>

    <p class='ocr_par' dir='ltr' id='par_1_3' title="bbox 148 985 1890 1451">
     <span class='ocr_line' id='line_1_8' title="bbox 234 985 1888 1062; baseline -0.004 -15"><span class='ocrx_word' id='word_1_55' title='bbox 234 991 460 1049; x_wconf 91' lang='lat' dir='ltr'>Verum</span> <span class='ocrx_word' id='word_1_56' title='bbox 498 990 796 1046; x_wconf 88' lang='lat' dir='ltr'>enimvero</span> <span class='ocrx_word' id='word_1_57' title='bbox 833 998 969 1045; x_wconf 92' lang='lat' dir='ltr'>sunt</span> <span class='ocrx_word' id='word_1_58' title='bbox 999 1007 1127 1062; x_wconf 86' lang='lat' dir='ltr'>quae</span> <span class='ocrx_word' id='word_1_59' title='bbox 1157 987 1381 1043; x_wconf 90' lang='lat' dir='ltr'>faciunt</span> <span class='ocrx_word' id='word_1_60' title='bbox 1422 995 1489 1042; x_wconf 90' lang='grc'>111</span> <span class='ocrx_word' id='word_1_61' title='bbox 1530 987 1603 1042; x_wconf 89' lang='lat' dir='ltr'>ad</span> <span class='ocrx_word' id='word_1_62' title='bbox 1636 985 1888 1061; x_wconf 88' lang='lat' dir='ltr'>Longini</span> 
     </span>
     <span class='ocr_line' id='line_1_9' title="bbox 152 1083 1889 1152; baseline -0.005 -7"><span class='ocrx_word' id='word_1_63' title='bbox 152 1088 496 1146; x_wconf 88' lang='lat' dir='ltr'>sententiam</span> <span class='ocrx_word' id='word_1_64' title='bbox 530 1086 825 1152; x_wconf 90' lang='lat' dir='ltr'>accedam,</span> <span class='ocrx_word' id='word_1_65' title='bbox 857 1085 930 1141; x_wconf 90' lang='lat' dir='ltr'>ad</span> <span class='ocrx_word' id='word_1_66' title='bbox 960 1084 1073 1140; x_wconf 95' lang='lat' dir='ltr'>hoc</span> <span class='ocrx_word' id='word_1_67' title='bbox 1104 1083 1414 1150; x_wconf 80' lang='lat' dir='ltr'>duntaxat,</span> <span class='ocrx_word' id='word_1_68' title='bbox 1444 1091 1512 1138; x_wconf 91' lang='lat' dir='ltr'>ut</span> <span class='ocrx_word' id='word_1_69' title='bbox 1541 1083 1889 1139; x_wconf 81' lang='lat' dir='ltr'>crediderim</span> 
     </span>
     <span class='ocr_line' id='line_1_10' title="bbox 150 1178 1890 1256; baseline -0.005 -15"><span class='ocrx_word' id='word_1_70' title='bbox 150 1185 476 1241; x_wconf 92' lang='lat' dir='ltr'>Homerum</span> <span class='ocrx_word' id='word_1_71' title='bbox 528 1191 701 1239; x_wconf 86' lang='lat' dir='ltr'>aetate</span> <span class='ocrx_word' id='word_1_72' title='bbox 749 1183 874 1256; x_wconf 88' lang='lat' dir='ltr'>jam</span> <span class='ocrx_word' id='word_1_73' title='bbox 933 1180 1144 1237; x_wconf 84' lang='lat' dir='ltr'>affecta</span> <span class='ocrx_word' id='word_1_74' title='bbox 1201 1179 1356 1234; x_wconf 88' lang='lat' dir='ltr'>hunc</span> <span class='ocrx_word' id='word_1_75' title='bbox 1407 1179 1571 1253; x_wconf 89' lang='lat' dir='ltr'>quasi</span> <span class='ocrx_word' id='word_1_76' title='bbox 1621 1178 1890 1253; x_wconf 76' lang='grc' dir='ltr'>ἐπιλόγον</span> 
     </span>
     <span class='ocr_line' id='line_1_11' title="bbox 150 1275 1890 1352; baseline -0.003 -15"><span class='ocrx_word' id='word_1_77' title='bbox 150 1281 316 1339; x_wconf 87' lang='lat' dir='ltr'>Iliadi</span> <span class='ocrx_word' id='word_1_78' title='bbox 370 1299 491 1335; x_wconf 85' lang='lat' dir='ltr'>suae</span> <span class='ocrx_word' id='word_1_79' title='bbox 540 1279 892 1352; x_wconf 88' lang='lat' dir='ltr'>adjunxisse.</span> <span class='ocrx_word' id='word_1_80' title='bbox 984 1276 1131 1343; x_wconf 81' lang='lat' dir='ltr'>Quae</span> <span class='ocrx_word' id='word_1_81' title='bbox 1183 1275 1478 1330; x_wconf 88' lang='lat' dir='ltr'>sententia</span> <span class='ocrx_word' id='word_1_82' title='bbox 1525 1294 1701 1349; x_wconf 91' lang='lat' dir='ltr'>quam</span> <span class='ocrx_word' id='word_1_83' title='bbox 1752 1282 1890 1349; x_wconf 86' lang='lat' dir='ltr'>apte</span> 
     </span>
     <span class='ocr_line' id='line_1_12' title="bbox 148 1369 1889 1451; baseline -0.005 -19"><span class='ocrx_word' id='word_1_84' title='bbox 148 1376 390 1451; x_wconf 79' lang='lat' dir='ltr'>quadret</span> <span class='ocrx_word' id='word_1_85' title='bbox 440 1375 512 1431; x_wconf 89' lang='lat' dir='ltr'>ad</span> <span class='ocrx_word' id='word_1_86' title='bbox 557 1393 626 1430; x_wconf 91' lang='lat' dir='ltr'>ea</span> <span class='ocrx_word' id='word_1_87' title='bbox 669 1392 803 1448; x_wconf 89' lang='lat' dir='ltr'>quae</span> <span class='ocrx_word' id='word_1_88' title='bbox 848 1391 953 1428; x_wconf 88' lang='lat' dir='ltr'>nos</span> <span class='ocrx_word' id='word_1_89' title='bbox 996 1379 1135 1427; x_wconf 86' lang='lat' dir='ltr'>ante</span> <span class='ocrx_word' id='word_1_90' title='bbox 1177 1370 1572 1434; x_wconf 81' lang='lat' dir='ltr'>disseruimUS,</span> <span class='ocrx_word' id='word_1_91' title='bbox 1611 1369 1803 1435; x_wconf 89' lang='lat' dir='ltr'>hodie,</span> <span class='ocrx_word' id='word_1_92' title='bbox 1842 1369 1889 1424; x_wconf 91' lang='lat' dir='ltr'>si</span> 
     </span>
    </p>
   </div>
   <div class='ocr_carea' id='block_1_3' title="bbox 147 1468 1097 1547">
    <p class='ocr_par' dir='ltr' id='par_1_4' title="bbox 147 1468 1097 1547">
     <span class='ocr_line' id='line_1_13' title="bbox 147 1468 1097 1547; baseline -0.004 -19"><span class='ocrx_word' id='word_1_93' title='bbox 147 1472 356 1547; x_wconf 90' lang='lat' dir='ltr'>placet,</span> <span class='ocrx_word' id='word_1_94' title='bbox 388 1490 699 1546; x_wconf 88' lang='lat' dir='ltr'>exponam,</span> <span class='ocrx_word' id='word_1_95' title='bbox 734 1468 1097 1526; x_wconf 80' lang='lat' dir='ltr'>Academici.</span> 
     </span>
    </p>
   </div>
   <div class='ocr_carea' id='block_1_4' title="bbox 143 1657 1892 3655">
    <p class='ocr_par' dir='ltr' id='par_1_5' title="bbox 146 1657 1892 2008">
     <span class='ocr_line' id='line_1_14' title="bbox 228 1657 1892 1737; baseline -0.002 -20"><span class='ocrx_word' id='word_1_96' title='bbox 228 1660 321 1718; x_wconf 90' lang='lat' dir='ltr'>Ac</span> <span class='ocrx_word' id='word_1_97' title='bbox 365 1662 637 1737; x_wconf 91' lang='lat' dir='ltr'>primum,</span> <span class='ocrx_word' id='word_1_98' title='bbox 670 1659 1016 1735; x_wconf 87' lang='lat' dir='ltr'>Odysseiam</span> <span class='ocrx_word' id='word_1_99' title='bbox 1059 1659 1354 1733; x_wconf 88' lang='lat' dir='ltr'>propriam</span> <span class='ocrx_word' id='word_1_100' title='bbox 1397 1657 1662 1715; x_wconf 90' lang='lat' dir='ltr'>Homero</span> <span class='ocrx_word' id='word_1_101' title='bbox 1708 1658 1892 1714; x_wconf 90' lang='lat' dir='ltr'>vindi—</span> 
     </span>
     <span class='ocr_line' id='line_1_15' title="bbox 147 1755 1888 1829; baseline -0.002 -14"><span class='ocrx_word' id='word_1_102' title='bbox 147 1765 281 1816; x_wconf 86' lang='lat' dir='ltr'>cant</span> <span class='ocrx_word' id='word_1_103' title='bbox 312 1766 441 1815; x_wconf 88' lang='lat' dir='ltr'>tum</span> <span class='ocrx_word' id='word_1_104' title='bbox 479 1757 671 1814; x_wconf 89' lang='lat' dir='ltr'>multa</span> <span class='ocrx_word' id='word_1_105' title='bbox 714 1757 828 1813; x_wconf 88' lang='lat' dir='ltr'>alia</span> <span class='ocrx_word' id='word_1_106' title='bbox 858 1764 987 1813; x_wconf 90' lang='lat' dir='ltr'>tum</span> <span class='ocrx_word' id='word_1_107' title='bbox 1031 1755 1178 1811; x_wconf 88' lang='lat' dir='ltr'>illud</span> <span class='ocrx_word' id='word_1_108' title='bbox 1225 1755 1566 1829; x_wconf 88' lang='lat' dir='ltr'>cumprimis</span> <span class='ocrx_word' id='word_1_109' title='bbox 1610 1755 1888 1822; x_wconf 89' lang='lat' dir='ltr'>notabile,</span> 
     </span>
     <span class='ocr_line' id='line_1_16' title="bbox 147 1852 1887 1930; baseline -0.002 -19"><span class='ocrx_word' id='word_1_110' title='bbox 147 1856 299 1930; x_wconf 92' lang='lat' dir='ltr'>quod</span> <span class='ocrx_word' id='word_1_111' title='bbox 347 1874 416 1911; x_wconf 91' lang='lat' dir='ltr'>ea</span> <span class='ocrx_word' id='word_1_112' title='bbox 463 1855 697 1929; x_wconf 90' lang='lat' dir='ltr'>penitus</span> <span class='ocrx_word' id='word_1_113' title='bbox 748 1855 822 1910; x_wconf 90' lang='lat' dir='ltr'>ab</span> <span class='ocrx_word' id='word_1_114' title='bbox 874 1854 1033 1910; x_wconf 89' lang='lat' dir='ltr'>omni</span> <span class='ocrx_word' id='word_1_115' title='bbox 1087 1860 1254 1927; x_wconf 90' lang='lat' dir='ltr'>parte</span> <span class='ocrx_word' id='word_1_116' title='bbox 1307 1852 1534 1909; x_wconf 89' lang='lat' dir='ltr'>redolet</span> <span class='ocrx_word' id='word_1_117' title='bbox 1593 1852 1887 1909; x_wconf 89' lang='lat' dir='ltr'>heroicam</span> 
     </span>
     <span class='ocr_line' id='line_1_17' title="bbox 146 1951 612 2008; baseline -0.006 0"><span class='ocrx_word' id='word_1_118' title='bbox 146 1951 304 2008; x_wconf 90' lang='lat' dir='ltr'>illam</span> <span class='ocrx_word' id='word_1_119' title='bbox 334 1951 612 2008; x_wconf 90' lang='lat' dir='ltr'>indolem.</span> 
     </span>
    </p>

    <p class='ocr_par' dir='ltr' id='par_1_6' title="bbox 143 2045 1891 3655">
     <span class='ocr_line' id='line_1_18' title="bbox 228 2045 1891 2120; baseline -0.002 -17"><span class='ocrx_word' id='word_1_120' title='bbox 228 2047 380 2104; x_wconf 84' lang='lat' dir='ltr'>Cum</span> <span class='ocrx_word' id='word_1_121' title='bbox 427 2047 585 2103; x_wconf 89' lang='lat' dir='ltr'>enim</span> <span class='ocrx_word' id='word_1_122' title='bbox 636 2048 796 2103; x_wconf 92' lang='lat' dir='ltr'>omni</span> <span class='ocrx_word' id='word_1_123' title='bbox 845 2051 1112 2120; x_wconf 85' lang='lat' dir='ltr'>tempore</span> <span class='ocrx_word' id='word_1_124' title='bbox 1157 2047 1273 2101; x_wconf 91' lang='lat' dir='ltr'>duo</span> <span class='ocrx_word' id='word_1_125' title='bbox 1320 2045 1691 2119; x_wconf 89' lang='lat' dir='ltr'>potissimum</span> <span class='ocrx_word' id='word_1_126' title='bbox 1738 2045 1891 2101; x_wconf 88' lang='lat' dir='ltr'>exti-</span> 
     </span>
     <span class='ocr_line' id='line_1_19' title="bbox 147 2141 1891 2217; baseline -0.003 -17"><span class='ocrx_word' id='word_1_127' title='bbox 147 2144 324 2200; x_wconf 87' lang='lat' dir='ltr'>terint</span> <span class='ocrx_word' id='word_1_128' title='bbox 364 2144 527 2217; x_wconf 89' lang='lat' dir='ltr'>quasi</span> <span class='ocrx_word' id='word_1_129' title='bbox 569 2142 759 2217; x_wconf 87' lang='lat' dir='ltr'>campi</span> <span class='ocrx_word' id='word_1_130' title='bbox 794 2142 916 2198; x_wconf 88' lang='lat' dir='ltr'>sive</span> <span class='ocrx_word' id='word_1_131' title='bbox 961 2142 1166 2216; x_wconf 87' lang='lat' dir='ltr'>spatia,</span> <span class='ocrx_word' id='word_1_132' title='bbox 1198 2141 1449 2197; x_wconf 88' lang='lat' dir='ltr'>heroicis</span> <span class='ocrx_word' id='word_1_133' title='bbox 1485 2147 1625 2214; x_wconf 89' lang='lat' dir='ltr'>apta</span> <span class='ocrx_word' id='word_1_134' title='bbox 1661 2141 1891 2195; x_wconf 88' lang='lat' dir='ltr'>virtuti-</span> 
     </span>
     <span class='ocr_line' id='line_1_20' title="bbox 147 2235 1890 2314; baseline -0.003 -18"><span class='ocrx_word' id='word_1_135' title='bbox 147 2240 271 2305; x_wconf 90' lang='lat' dir='ltr'>bus,</span> <span class='ocrx_word' id='word_1_136' title='bbox 323 2259 572 2314; x_wconf 90' lang='lat' dir='ltr'>quorum</span> <span class='ocrx_word' id='word_1_137' title='bbox 629 2239 688 2294; x_wconf 94' lang='lat' dir='ltr'>in</span> <span class='ocrx_word' id='word_1_138' title='bbox 748 2238 933 2295; x_wconf 88' lang='lat' dir='ltr'>altero</span> <span class='ocrx_word' id='word_1_139' title='bbox 992 2244 1383 2294; x_wconf 87' lang='lat' dir='ltr'>exerceantur</span> <span class='ocrx_word' id='word_1_140' title='bbox 1439 2235 1770 2302; x_wconf 82' lang='lat' dir='ltr'>bellatoreS,</span> <span class='ocrx_word' id='word_1_141' title='bbox 1830 2237 1890 2290; x_wconf 91' lang='lat' dir='ltr'>in</span> 
     </span>
     <span class='ocr_line' id='line_1_21' title="bbox 147 2331 1889 2403; baseline -0.003 -11"><span class='ocrx_word' id='word_1_142' title='bbox 147 2335 329 2392; x_wconf 86' lang='lat' dir='ltr'>altero</span> <span class='ocrx_word' id='word_1_143' title='bbox 390 2336 636 2403; x_wconf 83' lang='lat' dir='ltr'>navitae3</span> <span class='ocrx_word' id='word_1_144' title='bbox 709 2336 922 2403; x_wconf 87' lang='lat' dir='ltr'>videtis</span> <span class='ocrx_word' id='word_1_145' title='bbox 980 2334 1155 2390; x_wconf 88' lang='lat' dir='ltr'>rebus</span> <span class='ocrx_word' id='word_1_146' title='bbox 1226 2334 1311 2389; x_wconf 86' lang='lat' dir='ltr'>ita</span> <span class='ocrx_word' id='word_1_147' title='bbox 1375 2332 1574 2388; x_wconf 84' lang='lat' dir='ltr'>divisis</span> <span class='ocrx_word' id='word_1_148' title='bbox 1643 2331 1889 2387; x_wconf 91' lang='lat' dir='ltr'>mirifice</span> 
     </span>
     <span class='ocr_line' id='line_1_22' title="bbox 147 2428 1888 2506; baseline -0.001 -21"><span class='ocrx_word' id='word_1_149' title='bbox 147 2432 492 2506; x_wconf 89' lang='lat' dir='ltr'>respondere</span> <span class='ocrx_word' id='word_1_150' title='bbox 523 2432 853 2487; x_wconf 90' lang='lat' dir='ltr'>divinorum</span> <span class='ocrx_word' id='word_1_151' title='bbox 895 2431 1221 2487; x_wconf 90' lang='lat' dir='ltr'>carminum</span> <span class='ocrx_word' id='word_1_152' title='bbox 1263 2448 1399 2504; x_wconf 88' lang='lat' dir='ltr'>par;</span> <span class='ocrx_word' id='word_1_153' title='bbox 1451 2428 1701 2484; x_wconf 89' lang='lat' dir='ltr'>Iliadem</span> <span class='ocrx_word' id='word_1_154' title='bbox 1737 2428 1888 2483; x_wconf 88' lang='lat' dir='ltr'>mili-</span> 
     </span>
     <span class='ocr_line' id='line_1_23' title="bbox 146 2525 1888 2603; baseline -0.003 -20"><span class='ocrx_word' id='word_1_155' title='bbox 146 2528 422 2594; x_wconf 78' lang='lat' dir='ltr'>tantibus,</span> <span class='ocrx_word' id='word_1_156' title='bbox 463 2528 806 2603; x_wconf 82' lang='lat' dir='ltr'>Odysseiam</span> <span class='ocrx_word' id='word_1_157' title='bbox 859 2527 1273 2602; x_wconf 85' lang='lat' dir='ltr'>navigantibus</span> <span class='ocrx_word' id='word_1_158' title='bbox 1317 2527 1401 2581; x_wconf 93' lang='lat' dir='ltr'>ita</span> <span class='ocrx_word' id='word_1_159' title='bbox 1447 2525 1775 2589; x_wconf 87' lang='lat' dir='ltr'>convenire,</span> <span class='ocrx_word' id='word_1_160' title='bbox 1820 2530 1888 2578; x_wconf 92' lang='lat' dir='ltr'>ut</span> 
     </span>
     <span class='ocr_line' id='line_1_24' title="bbox 145 2618 1889 2698; baseline -0.003 -18"><span class='ocrx_word' id='word_1_161' title='bbox 145 2624 290 2680; x_wconf 93' lang='lat' dir='ltr'>nihil</span> <span class='ocrx_word' id='word_1_162' title='bbox 320 2624 561 2681; x_wconf 88' lang='lat' dir='ltr'>felicius.</span> <span class='ocrx_word' id='word_1_163' title='bbox 651 2623 714 2679; x_wconf 93' lang='lat' dir='ltr'>N</span> <span class='ocrx_word' id='word_1_164' title='bbox 718 2623 1115 2698; x_wconf 85' lang='lat' dir='ltr'>avigationem</span> <span class='ocrx_word' id='word_1_165' title='bbox 1146 2628 1347 2678; x_wconf 89' lang='lat' dir='ltr'>autem</span> <span class='ocrx_word' id='word_1_166' title='bbox 1388 2621 1674 2695; x_wconf 88' lang='lat' dir='ltr'>ejusmodi</span> <span class='ocrx_word' id='word_1_167' title='bbox 1715 2618 1889 2675; x_wconf 89' lang='lat' dir='ltr'>intel-</span> 
     </span>
     <span class='ocr_line' id='line_1_25' title="bbox 146 2716 1887 2795; baseline -0.003 -20"><span class='ocrx_word' id='word_1_168' title='bbox 146 2719 279 2795; x_wconf 84' lang='lat' dir='ltr'>ligo,</span> <span class='ocrx_word' id='word_1_169' title='bbox 310 2739 436 2793; x_wconf 86' lang='lat' dir='ltr'>quae</span> <span class='ocrx_word' id='word_1_170' title='bbox 479 2737 597 2774; x_wconf 90' lang='lat' dir='ltr'>non</span> <span class='ocrx_word' id='word_1_171' title='bbox 634 2717 861 2774; x_wconf 79' lang='lat' dir='ltr'>militiae</span> <span class='ocrx_word' id='word_1_172' title='bbox 901 2736 1075 2773; x_wconf 89' lang='lat' dir='ltr'>causa</span> <span class='ocrx_word' id='word_1_173' title='bbox 1116 2716 1481 2790; x_wconf 88' lang='lat' dir='ltr'>suscipiatur,</span> <span class='ocrx_word' id='word_1_174' title='bbox 1515 2716 1617 2771; x_wconf 88' lang='lat' dir='ltr'>sed</span> <span class='ocrx_word' id='word_1_175' title='bbox 1656 2716 1887 2790; x_wconf 88' lang='lat' dir='ltr'>ignotas</span> 
     </span>
     <span class='ocr_line' id='line_1_26' title="bbox 144 2811 1886 2891; baseline -0.003 -19"><span class='ocrx_word' id='word_1_176' title='bbox 144 2817 408 2891; x_wconf 85' lang='lat' dir='ltr'>regiones</span> <span class='ocrx_word' id='word_1_177' title='bbox 437 2815 795 2890; x_wconf 87' lang='lat' dir='ltr'>explorandi.</span> <span class='ocrx_word' id='word_1_178' title='bbox 857 2813 944 2869; x_wconf 89' lang='lat' dir='ltr'>Eo</span> <span class='ocrx_word' id='word_1_179' title='bbox 976 2813 1134 2869; x_wconf 92' lang='lat' dir='ltr'>enim</span> <span class='ocrx_word' id='word_1_180' title='bbox 1160 2830 1467 2887; x_wconf 89' lang='lat' dir='ltr'>erumpere</span> <span class='ocrx_word' id='word_1_181' title='bbox 1499 2811 1648 2867; x_wconf 90' lang='lat' dir='ltr'>solet</span> <span class='ocrx_word' id='word_1_182' title='bbox 1679 2812 1886 2887; x_wconf 89' lang='lat' dir='ltr'>igneus</span> 
     </span>
     <span class='ocr_line' id='line_1_27' title="bbox 143 2908 1885 2985; baseline -0.003 -17"><span class='ocrx_word' id='word_1_183' title='bbox 143 2911 242 2968; x_wconf 92' lang='lat' dir='ltr'>ille</span> <span class='ocrx_word' id='word_1_184' title='bbox 285 2912 567 2968; x_wconf 88' lang='lat' dir='ltr'>ferocium</span> <span class='ocrx_word' id='word_1_185' title='bbox 610 2911 936 2966; x_wconf 89' lang='lat' dir='ltr'>animorum</span> <span class='ocrx_word' id='word_1_186' title='bbox 982 2910 1161 2985; x_wconf 87' lang='lat' dir='ltr'>vigor,</span> <span class='ocrx_word' id='word_1_187' title='bbox 1210 2909 1520 2983; x_wconf 89' lang='lat' dir='ltr'>interjecto</span> <span class='ocrx_word' id='word_1_188' title='bbox 1560 2908 1712 2964; x_wconf 90' lang='lat' dir='ltr'>forte</span> <span class='ocrx_word' id='word_1_189' title='bbox 1760 2908 1885 2964; x_wconf 91' lang='lat' dir='ltr'>lon-</span> 
     </span>
     <span class='ocr_line' id='line_1_28' title="bbox 144 3005 1885 3083; baseline -0.001 -20"><span class='ocrx_word' id='word_1_190' title='bbox 144 3009 304 3083; x_wconf 89' lang='lat' dir='ltr'>giore</span> <span class='ocrx_word' id='word_1_191' title='bbox 371 3007 629 3063; x_wconf 85' lang='lat' dir='ltr'>bellandi</span> <span class='ocrx_word' id='word_1_192' title='bbox 696 3005 1022 3062; x_wconf 79' lang='lat' dir='ltr'>intervallo,</span> <span class='ocrx_word' id='word_1_193' title='bbox 1147 3005 1377 3079; x_wconf 81' lang='lat' dir='ltr'>Itaque,</span> <span class='ocrx_word' id='word_1_194' title='bbox 1436 3005 1592 3078; x_wconf 91' lang='lat' dir='ltr'>quod</span> <span class='ocrx_word' id='word_1_195' title='bbox 1658 3012 1885 3061; x_wconf 88' lang='lat' dir='ltr'>veteres</span> 
     </span>
     <span class='ocr_line' id='line_1_29' title="bbox 145 3101 1883 3177; baseline -0.001 -18"><span class='ocrx_word' id='word_1_196' title='bbox 145 3101 340 3160; x_wconf 84' lang='lat' dir='ltr'>Graeoi</span> <span class='ocrx_word' id='word_1_197' title='bbox 371 3103 619 3177; x_wconf 85' lang='lat' dir='ltr'>Trojana</span> <span class='ocrx_word' id='word_1_198' title='bbox 651 3109 784 3176; x_wconf 89' lang='lat' dir='ltr'>post</span> <span class='ocrx_word' id='word_1_199' title='bbox 821 3112 1104 3176; x_wconf 89' lang='lat' dir='ltr'>tempora,</span> <span class='ocrx_word' id='word_1_200' title='bbox 1136 3101 1294 3157; x_wconf 90' lang='lat' dir='ltr'>idem</span> <span class='ocrx_word' id='word_1_201' title='bbox 1327 3101 1511 3156; x_wconf 86' lang='lat' dir='ltr'>ferme</span> <span class='ocrx_word' id='word_1_202' title='bbox 1548 3101 1700 3175; x_wconf 88' lang='lat' dir='ltr'>passi</span> <span class='ocrx_word' id='word_1_203' title='bbox 1747 3110 1883 3157; x_wconf 90' lang='lat' dir='ltr'>sunt</span> 
     </span>
     <span class='ocr_line' id='line_1_30' title="bbox 146 3196 1883 3273; baseline 0.001 -19"><span class='ocrx_word' id='word_1_204' title='bbox 146 3198 352 3255; x_wconf 87' lang='lat' dir='ltr'>harum</span> <span class='ocrx_word' id='word_1_205' title='bbox 409 3217 639 3273; x_wconf 92' lang='lat' dir='ltr'>quoque</span> <span class='ocrx_word' id='word_1_206' title='bbox 697 3199 1004 3273; x_wconf 90' lang='lat' dir='ltr'>regionum</span> <span class='ocrx_word' id='word_1_207' title='bbox 1067 3196 1288 3262; x_wconf 82' lang='lat' dir='ltr'>incolae,</span> <span class='ocrx_word' id='word_1_208' title='bbox 1338 3204 1648 3271; x_wconf 90' lang='lat' dir='ltr'>postquam</span> <span class='ocrx_word' id='word_1_209' title='bbox 1701 3200 1883 3255; x_wconf 86' lang='lat' dir='ltr'>semel</span> 
     </span>
     <span class='ocr_line' id='line_1_31' title="bbox 146 3292 1884 3353; baseline 0.001 -2"><span class='ocrx_word' id='word_1_210' title='bbox 146 3313 435 3351; x_wconf 89' lang='lat' dir='ltr'>sacrorum</span> <span class='ocrx_word' id='word_1_211' title='bbox 480 3294 770 3350; x_wconf 88' lang='lat' dir='ltr'>bellorum</span> <span class='ocrx_word' id='word_1_212' title='bbox 815 3302 874 3350; x_wconf 90' lang='lat' dir='ltr'>et</span> <span class='ocrx_word' id='word_1_213' title='bbox 919 3294 1270 3350; x_wconf 77' lang='lat' dir='ltr'>Christianae</span> <span class='ocrx_word' id='word_1_214' title='bbox 1315 3292 1471 3348; x_wconf 87' lang='lat' dir='ltr'>illius</span> <span class='ocrx_word' id='word_1_215' title='bbox 1516 3294 1740 3351; x_wconf 78' lang='lat' dir='ltr'>militiae</span> <span class='ocrx_word' id='word_1_216' title='bbox 1785 3298 1884 3353; x_wconf 92' lang='lat' dir='ltr'>de-</span> 
     </span>
     <span class='ocr_line' id='line_1_32' title="bbox 147 3389 1881 3457; baseline 0.002 -12"><span class='ocrx_word' id='word_1_217' title='bbox 147 3390 480 3446; x_wconf 88' lang='lat' dir='ltr'>ferbuerant</span> <span class='ocrx_word' id='word_1_218' title='bbox 537 3392 732 3447; x_wconf 88' lang='lat' dir='ltr'>studia</span> <span class='ocrx_word' id='word_1_219' title='bbox 788 3399 849 3447; x_wconf 90' lang='lat' dir='ltr'>et</span> <span class='ocrx_word' id='word_1_220' title='bbox 907 3391 1157 3446; x_wconf 89' lang='lat' dir='ltr'>ardores.</span> <span class='ocrx_word' id='word_1_221' title='bbox 1263 3389 1482 3445; x_wconf 90' lang='lat' dir='ltr'>Enasci</span> <span class='ocrx_word' id='word_1_222' title='bbox 1541 3391 1759 3457; x_wconf 89' lang='lat' dir='ltr'>statim,</span> <span class='ocrx_word' id='word_1_223' title='bbox 1820 3400 1881 3448; x_wconf 88' lang='lat' dir='ltr'>et</span> 
     </span>
     <span class='ocr_line' id='line_1_33' title="bbox 146 3484 1882 3560; baseline 0.002 -21"><span class='ocrx_word' id='word_1_224' title='bbox 146 3484 315 3560; x_wconf 90' lang='lat' dir='ltr'>longe</span> <span class='ocrx_word' id='word_1_225' title='bbox 367 3484 600 3558; x_wconf 89' lang='lat' dir='ltr'>lateque</span> <span class='ocrx_word' id='word_1_226' title='bbox 659 3486 979 3560; x_wconf 86' lang='lat' dir='ltr'>propagari,</span> <span class='ocrx_word' id='word_1_227' title='bbox 1042 3503 1194 3540; x_wconf 85' lang='lat' dir='ltr'>nova</span> <span class='ocrx_word' id='word_1_228' title='bbox 1239 3484 1504 3557; x_wconf 85' lang='lat' dir='ltr'>quaedam</span> <span class='ocrx_word' id='word_1_229' title='bbox 1565 3484 1762 3559; x_wconf 85' lang='lat' dir='ltr'>gloriae</span> <span class='ocrx_word' id='word_1_230' title='bbox 1822 3496 1882 3543; x_wconf 88' lang='lat' dir='ltr'>et</span> 
     </span>
     <span class='ocr_line' id='line_1_34' title="bbox 144 3580 1878 3655; baseline 0.002 -21"><span class='ocrx_word' id='word_1_231' title='bbox 144 3598 334 3636; x_wconf 87' lang='lat' dir='ltr'>rerum</span> <span class='ocrx_word' id='word_1_232' title='bbox 382 3580 847 3636; x_wconf 89' lang='lat' dir='ltr'>memorabilium</span> <span class='ocrx_word' id='word_1_233' title='bbox 899 3599 1095 3655; x_wconf 85' lang='lat' dir='ltr'>seges:</span> <span class='ocrx_word' id='word_1_234' title='bbox 1161 3600 1406 3653; x_wconf 91' lang='lat' dir='ltr'>quarum</span> <span class='ocrx_word' id='word_1_235' title='bbox 1462 3600 1690 3637; x_wconf 85' lang='lat' dir='ltr'>summa</span> <span class='ocrx_word' id='word_1_236' title='bbox 1737 3590 1878 3647; x_wconf 87' lang='lat' dir='ltr'>erat,</span> 
     </span>
    </p>
   </div>
  </div>
 </body>
</html>
