2320 4126
215 300 382 333 rum..
405 300 439 332 1.
552 281 730 350 ecquid
750 286 956 332 noceant
981 281 1162 349 iniqua
1187 281 1337 350 Reip.
1366 289 1605 350 tempora.
1938 285 1974 332 3

223 439 342 494 quo
382 420 548 476 annis
583 420 909 494 animisque
943 420 1292 475 maturiores
1324 427 1515 485 erunt,
1540 431 1797 492 *quorum
1835 419 1972 475 fidei

221 524 403 589 atque
447 514 688 571 consilio
730 515 1242 571 commendabitur
1278 526 1316 570 a
1350 515 1514 571 vobis
1551 533 1622 570 ea
1655 514 1970 588 provincia.

183 637 188 646 «
229 610 364 668 Hoc
403 631 521 667 uno
560 612 818 677 nomine,
849 617 917 666 ut
947 611 1036 679 fit,
1066 610 1319 666 blandiri
1359 610 1518 675 mihi,
1550 610 1736 665 fretus
1775 616 1971 675 aetate,

217 708 419 775 ⁴sole03
465 709 620 782 quod
652 709 712 763 in
742 714 872 763 toto
902 724 1079 781 opere
1109 706 1460 781 peragendO,
1492 713 1769 779 tanquam
1813 706 1873 760 in
1911 724 1973 760 re

223 805 565 879 gravissima
604 823 674 860 ac
718 804 883 878 p'aene
932 812 1318 867 sacrosancta,
1364 820 1596 857 summa
1644 802 1974 857 reverentia

223 919 467 955 usurum
526 918 623 955 me
681 908 743 956 et
800 918 988 974 spero,
1048 906 1109 955 et
1175 899 1367 972 siquid
1428 897 1501 952 de
1559 916 1655 953 me
1714 897 1972 970 profiteri

222 997 491 1063 audeam,
523 996 821 1070 profiteor.

311 1093 527 1167 Neque
563 1092 711 1147 illud
748 1092 988 1147 omnino
1029 1091 1319 1147 indictum
1350 1090 1546 1155 velim,
1579 1090 1734 1163 quod
1772 1090 1972 1156 cuivis,

219 1190 443 1262 opinor,
481 1190 542 1243 in
581 1196 848 1243 mentem
888 1187 1122 1253 veniat3
1166 1205 1285 1242 non
1330 1187 1390 1241 in
1439 1205 1508 1240 ea
1552 1204 1657 1241 nos
1701 1187 1972 1242 incidisse

222 1284 557 1358 reipublicae
586 1290 870 1357 tempora,
902 1301 1030 1356 quae
1061 1283 1117 1337 in
1154 1281 1380 1337 deliciis
1410 1281 1768 1354 hujusmodi,
1799 1281 1974 1337 sacris

219 1380 540 1454 praesertim
566 1379 768 1434 officiis
791 1379 1228 1443 inservientem,
1253 1396 1458 1433 securo
1479 1397 1546 1433 ac
1567 1377 1752 1432 libero
1776 1377 1973 1433 animo

213 1474 456 1547 spatiari
487 1473 696 1530 sinant.
786 1472 942 1528 Ecce
972 1472 1145 1528 aliam
1178 1472 1344 1528 vobis
1373 1471 1679 1528 haesitandi
1711 1490 1972 1537 causam3

216 1588 347 1643 quae
387 1589 495 1625 nec
540 1570 666 1643 ipsa
708 1576 908 1624 tamen
955 1587 1060 1624 suo
1097 1567 1305 1624 solatio
1347 1576 1561 1624 careat.
1642 1552 1971 1632 Nimirum,

209 1673 285 1721 =ut
325 1686 400 1722 ne
440 1672 714 1740 suscepto
758 1666 920 1721 oneri
962 1665 1174 1721 misere
1219 1683 1453 1739 prorsus
1498 1672 1677 1739 atque
1721 1665 1974 1739 turpiter

208 1763 423 1829 desim,
454 1761 710 1817 multum
755 1761 866 1816 erit
911 1760 1055 1815 mihi
1100 1760 1314 1816 laboris
1358 1761 1838 1835 impendendum,
1869 1761 1974 1816 ho-

217 1859 359 1913 mini
410 1857 765 1931 jamdudum
823 1856 1130 1911 rusticanti
1192 1863 1255 1911 et
1309 1855 1427 1912 alia
1482 1857 1680 1913 omnia
1736 1858 1971 1932 agenti;

214 1955 390 2028 sopiti
443 1954 730 2009 doctrinae
780 1953 964 2028 ignes,
1012 1952 1057 2007 si
1110 1952 1211 2025 qui
1264 1953 1426 2007 intus
1478 1952 1685 2018 latent,
1734 1952 1971 2008 fovendi

208 2055 400 2123 -atque
450 2049 809 2114 suscitandi3
874 2047 1066 2103 multa
1117 2047 1447 2104 reVocanda
1493 2048 1553 2103 in
1605 2049 1967 2114 memoriam,

216 2145 385 2218 plura
433 2145 507 2200 de
550 2163 703 2200 novo
751 2143 1043 2209 discenda,
1088 2143 1286 2198 omnia
1330 2143 1584 2216 denique
1629 2145 1856 2199 ratione
1908 2152 1969 2199 et

216 2238 326 2304 via,
355 2243 643 2311 quantum
676 2238 736 2292 in
767 2237 935 2293 nobis
965 2237 1093 2302 erit,
1125 2236 1484 2293 collocanda.
1557 2236 1715 2303 Quid
1739 2236 1966 2294 multa?

212 2336 462 2405 quarum
485 2351 680 2388 rerum
702 2339 880 2388 antea
902 2331 1084 2388 tacita
1103 2332 1355 2405 quadam
1380 2329 1694 2386 dulcedine
1713 2330 1965 2397 fruebar,
2035 2346 2038 2348 ’

214 2429 318 2483 eas
333 2428 460 2501 jam
490 2446 582 2483 res
612 2427 944 2503 intelligere
975 2427 1292 2501 oportebit,
1323 2433 1503 2500 atque
1534 2426 1737 2481 ordine
1769 2445 1965 2482 coram

214 2520 403 2577 doctis
447 2540 760 2596 exponere.
849 2520 1096 2577 Summo
1133 2522 1314 2596 igitur
1343 2540 1489 2596 opus
1526 2522 1639 2578 erit
1675 2523 1814 2590 otio,
1845 2543 1964 2597 quo

213 2616 367 2671 curis
418 2635 637 2672 vacuus
682 2617 740 2672 id
789 2635 973 2672 unum
1028 2625 1165 2692 agat
1210 2618 1459 2683 animus,
1512 2624 1579 2672 ut
1631 2637 1842 2674 arcana
1880 2620 1962 2674 rei

214 2713 484 2785 poeticae,
510 2731 627 2767 non
651 2731 755 2767 sua
778 2712 1043 2785 quaedam
1067 2712 1375 2777 insomnia,
1398 2719 1528 2766 tum
1555 2730 1755 2767 secum
1779 2714 1965 2768 medi-

213 2808 395 2863 tando
427 2808 715 2880 exquirat,
744 2813 873 2861 tum
905 2807 1055 2861 veris
1094 2807 1364 2880 aptisque
1398 2807 1588 2862 verbis
1629 2808 1960 2866 adumbret.

214 2901 391 2969 Quod
439 2909 657 2967 contra,
701 2901 897 2957 nescio
944 2921 1016 2957 an
1071 2901 1234 2957 nulla
1282 2919 1413 2975 spes
1458 2902 1534 2958 sit
1575 2903 1805 2975 quietis.
1853 2903 1962 2960 hac

212 2998 478 3053 omnium
519 2998 786 3053 ordinum
820 2995 1092 3070 procella,
1132 3015 1445 3070 rerumque
1486 3004 1820 3053 sanctarum
1860 3019 1963 3055 ex-

214 3099 407 3148 tremo
436 3093 788 3148 discrimine.
880 3091 1079 3148 Nemo
1118 3093 1274 3147 enim
1315 3111 1432 3148 non
1470 3092 1650 3159 videt,
1689 3092 1803 3149 hoc
1840 3094 1962 3150 fere

208 3189 467 3254 biennio,
498 3207 613 3262 quo
653 3189 864 3254 studi0,
894 3207 1010 3261 qua
1049 3188 1351 3254 industria,
1384 3187 1651 3244 scelerati
1692 3188 1961 3245 homines

207 3282 367 3339 male
405 3290 617 3357 agant3
662 3301 779 3356 qua
820 3282 1047 3338 malitia
1086 3282 1425 3357 longinqua*
1450 3283 1597 3339 ruris
1634 3290 1861 3356 petant,
1891 3290 1960 3338 ut

212 3396 291 3432 ne
333 3377 529 3433 casula
562 3378 801 3451 quidem
844 3377 966 3433 ulla
1009 3378 1086 3434 sit
1128 3385 1252 3433 tam
1297 3377 1514 3443 abdita,
1546 3385 1670 3434 tam
1714 3386 1958 3443 remota,

208 3491 390 3546 quam
429 3491 560 3528 non‘
581 3474 680 3530 isti
715 3473 957 3529 famesis·
995 3480 1173 3546 atque
1217 3473 1412 3546 impiis
1449 3471 1687 3537 libellis,
1720 3458 1957 3528 suorum

213 3568 615 3627 incendiorum
668 3567 854 3624 veluti
901 3568 1126 3633 fomite,
1172 3567 1618 3642 compleverint.
1711 3568 1824 3623 His
1875 3569 1961 3623 in-

1046 3679 1083 3717 B
1115 3668 1150 3719 2
