2320 4126
310 187 422 238 342
542 187 808 240 Lusciniae
832 188 984 258 apud
1005 189 1318 259 AEsohylum
1341 208 1479 243 nuno
1503 189 1737 249 delicati,
1817 209 1977 250 PRAEL.
2000 209 2115 245 xlx.

559 332 698 374 κτεῖνε
718 328 772 374 δι’
796 330 1033 390 ἀφραδίας,
1055 336 1212 391 κοῦρον
1233 331 1391 389 Ζήθοιο
1412 332 1609 387 ἄνακτος·

557 403 615 449 ὧς
646 403 716 447 καὶ
748 404 844 461 ἐμοὶ
877 405 1004 463 δίχα
1035 405 1196 463 θυμὸς
1227 405 1483 463 ὀρώρεται
1516 406 1639 450 ἔνθα
1670 406 1753 452 καὶ
1784 406 1923 456 ἔνθα,

317 518 558 577 Videtis
607 519 670 579 in
715 538 789 576 eo
833 539 964 577 rem
1003 521 1175 589 verti,
1224 526 1295 578 ut
1340 521 1626 597 quicquid
1664 522 1897 579 varium
1941 527 2118 579 sonet

314 636 385 674 ae
438 616 753 686 mutabile,
799 617 862 674 id
904 618 1135 694 optime
1183 618 1456 682 lusciniae
1502 620 1802 686 cantantis
1848 617 2117 678 indolem

315 715 635 791 exprimat.
947 698 952 702 ’

368 802 370 804 ’
403 809 642 870 Verum
694 811 772 870 ad
816 813 1174 891 AEsehylum
1218 815 1556 885 redeamus,
1601 822 1787 892 atque
1844 815 1918 872 ad
1973 813 2120 872 Cas-

316 909 597 968 sandram
639 910 803 987 ejus:
867 931 1026 987 quae,
1067 919 1139 971 ut
1187 913 1334 984 dixi,
1375 920 1712 972 memorata
1759 910 2117 979 Philomela,

315 1026 438 1064 non
497 1015 569 1065 ut
628 1010 848 1076 caeteri,
910 1009 1113 1068 luctus
1173 1030 1308 1069 eam
1377 1011 1565 1070 habet
1624 1009 1952 1095 exemplar,
2012 1009 2118 1067 sed

317 1104 482 1170 laetae
513 1107 707 1185 magis
746 1114 931 1184 atque
963 1109 1175 1169 otiosae
1206 1110 1363 1173 vitae,

671 1242 768 1298 Ἴω,
789 1245 961 1305 λιγείας
980 1247 1121 1305 μόρον
1140 1245 1339 1303 ἀηδόνος,

682 1318 930 1377 περίβαλον
949 1320 1036 1378 γὰρ
1057 1321 1100 1364 οἶ
1118 1321 1404 1379 πτεροφόρον
1424 1319 1558 1378 δέμας

619 1390 728 1444 θεοὶ,
749 1390 917 1450 γλυκύν
937 1391 974 1437 τ’
997 1393 1132 1438 αἶῶνα
1152 1395 1412 1451 κλαυμάτων
1433 1394 1552 1453 ἄτερ·

621 1463 718 1523 ἐμοὶ
740 1465 788 1509 δέ
808 1465 954 1523 μίμνει
975 1468 1175 1526 σχισμὸς
1194 1467 1388 1528 ἀμφήκει
1410 1468 1524 1533 δορί,

406 1586 557 1646 Haeo
588 1590 866 1666 proxime
895 1591 1116 1650 absunt
1147 1612 1183 1651 a
1212 1600 1356 1650 voto
1387 1593 1747 1657 sacrosancti
1779 1587 1999 1652 Vatisk
2025 1610 2038 1648 z

620 1726 646 1783 ἡ
671 1726 829 1786 καρδία
850 1747 936 1786 μου
958 1728 1181 1790 ἐταράχθη
1204 1730 1251 1775 ἐν
1273 1730 1386 1787 ἐμοὶ,

621 1800 692 1848 καὶ
715 1800 859 1846 δειλία
881 1802 1071 1848 θανάτου
1092 1803 1309 1850 ἐπέπεσεν
1330 1803 1397 1850 ἐπ’
1421 1803 1513 1862 ἐμέ·

617 1875 768 1935 φόβος
790 1876 861 1920 καὶ
881 1878 1043 1935 τρόμος
1063 1875 1200 1934 ἦλθεν
1220 1876 1287 1924 ἐπ’
1311 1878 1404 1936 ἐμὲ,

621 1948 692 1994 καὶ
714 1948 920 2009 ἐκάλυψέ
936 1969 992 2008 με
1014 1952 1191 1997 σκότος·

620 2022 691 2066 καὶ
708 2020 824 2076 εἶπα,
838 2024 906 2071 τὶς
921 2025 1057 2071 δώσει
1073 2044 1149 2084 μοι
1168 2025 1391 2086 πτέρυγας
1412 2025 1521 2072 ὡσεὶ
1541 2028 1810 2084 περιστερᾶς
1820 2043 1834 2078 ;

624 2096 695 2139 καὶ
715 2097 1059 2157 πετασθὴσομαι
1081 2100 1152 2144 καὶ
1172 2098 1456 2150 καταπαύσω·

623 2168 733 2222 ἶδοὺ,
757 2170 974 2229 ἐμάκρυνα
995 2171 1274 2231 φυγαδεῦων,

622 2242 693 2294 καὶ
713 2243 933 2306 ηὐλίσθην
954 2244 1002 2290 ἐν
1020 2248 1073 2303 τῇ
1097 2244 1258 2310 ἐρήμῳ,

321 2364 485 2422 Illud
544 2366 816 2437 interest,
892 2371 1054 2445 quod
1127 2370 1191 2427 in
1259 2369 1504 2428 Psalmo
1577 2389 1805 2448 pennas
1877 2377 2121 2429 tantum

320 2470 493 2539 optat
529 2464 763 2535 infelix,
795 2468 1015 2543 quibus
1051 2468 1241 2527 semel
1271 2469 1334 2525 in
1366 2475 1571 2526 tutum
1602 2470 1791 2546 possit
1826 2469 2122 2547 migrare3

321 2560 658 2619 Cassandra
730 2564 978 2640 percelli
1053 2585 1117 2624 se
1184 2566 1483 2644 signifieat
1548 2567 1715 2624 miris
1787 2567 1916 2643 ejus
1975 2567 2122 2626 vitae

323 2657 571 2727 deliciis,
609 2679 810 2736 quam,
849 2669 919 2719 ut
956 2682 1340 2741 auguramur,
1386 2683 1618 2722 canorae
1654 2663 1928 2722 volucres
1964 2664 2125 2721 inter

322 2763 417 2813 ter
475 2756 621 2815 folia
684 2758 982 2836 floresque
1051 2762 1371 2839 sylvestres
1437 2762 1689 2840 degunt.
1807 2761 1905 2821 Ae
1973 2762 2125 2820 mihi

323 2861 490 2912 certe
534 2855 802 2922 lusciniae
847 2878 967 2917 vox
1013 2879 1134 2940 prae
1179 2880 1244 2920 se
1290 2861 1648 2942 plerumque
1692 2861 1849 2919 ferre
1883 2860 2126 2918 videtur

326 2951 529 3026 γλύκυν
569 2954 736 3017 αι’ὣνα
780 2955 1115 3026 κλαυμάτων
1150 2956 1310 3039 ἄτερ.
1397 2958 1579 3024 Adeo
1618 2960 1682 3016 in
1728 2958 1843 3018 hae
1883 2976 2124 3035 quoque

323 3068 389 3107 re
450 3070 574 3108 non
634 3055 816 3112 modo
876 3056 1012 3133 plus
1072 3059 1224 3116 vidit
1284 3058 1605 3136 AEsehylus
1677 3063 1885 3115 noster
1941 3074 2123 3132 quam

324 3147 541 3225 vulgus
604 3149 952 3223 Poetarum,
1027 3175 1238 3220 verum
1306 3157 1510 3225 etiam,
1572 3156 1807 3214 curiosa
1866 3153 2126 3231 quadam

325 3245 637 3317 felicitate,
669 3253 922 3309 assumit
964 3254 1077 3312 sibi
1114 3254 1283 3312 velut
1320 3261 1522 3332 partes
1566 3273 1797 3318 eanorae
1843 3252 2025 3322 alitis,
2061 3259 2126 3309 et

326 3350 527 3408 totum
560 3365 623 3404 se
647 3347 710 3404 in
741 3350 870 3424 ejus
900 3369 1217 3426 personam
1249 3352 1550 3411 transfert.

1040 3573 1058 3597 ¹⁴
1092 3575 1256 3626 Psalm.
1281 3576 1340 3622 lv.
1367 3592 1407 3630 4.
