2320 4126
343 213 450 265 168
802 214 1029 284 Lonyini
1053 214 1113 266 de
1143 215 1387 285 Odysseia
1398 218 1681 285 judicium.
1869 239 2029 272 PRAEL.
2053 239 2128 272 x1.

344 361 547 438 magni
605 359 881 437 Longini,
943 360 1126 418 toties
1185 362 1246 418 in
1310 360 1653 420 Homericis
1713 363 2128 423 decantatam:

340 479 471 535 quae
518 459 764 536 quidem
813 458 940 517 sola
985 459 1172 517 semel
1224 467 1468 536 recepta
1511 481 1792 539 magnam
1838 464 2131 539 ejusmodi

343 566 825 616 commentorum
888 558 1011 615 vim
1071 557 1317 615 delebit.
1410 558 1721 618 Videlicet
1781 563 1870 618 vir
1929 582 2131 640 sagax,

340 665 404 715 et
446 657 720 725 Homeri,
754 657 800 714 si
839 657 971 732 quis
1007 655 1178 724 alius,
1220 658 1651 733 perstudiosus,
1685 660 1844 718 visus
1883 668 1975 719 est
2019 662 2131 720 sibi

340 757 805 835 deprehendisse
850 757 912 812 in
951 754 1243 833 Odysseia
1283 776 1404 814 non
1447 758 1727 817 obscuras
1766 763 2131 821 senescentis

339 858 546 915 Poetae
576 863 801 914 notasa.

425 956 542 1024 Τῆς
572 953 669 1023 μὲν
695 951 960 1021 Ἰλιάδος,
994 955 1359 1034 γραφομένης
1390 956 1443 1013 ἐν
1473 955 1618 1034 ἀκμῇ
1640 959 1966 1027 πνεύματος,
1994 958 2129 1017 ὅλον

335 1054 407 1114 τὸ
440 1051 726 1123 σωμάτιον
764 1051 1105 1134 δραματικὸν
1143 1055 1510 1122 ὑπεστήσατο
1549 1055 1636 1113 καὶ
1677 1057 1985 1134 ἐναγώνιον·
2033 1065 2130 1126 τῆς

339 1154 395 1212 δὲ
424 1152 755 1215 Ὀδυσσείας
795 1150 867 1211 τὸ
904 1152 1079 1210 πλέον
1118 1151 1533 1229 διηγηματικὸν,
1576 1154 1716 1236 ὅπερ
1755 1155 1894 1214 ἰ’διον
1931 1160 2129 1238 γήρως.

325 1253 503 1313 ’Ὀθεν
549 1255 602 1311 ἐν
646 1258 718 1331 τῇ
763 1251 1069 1327 Ὀδυσσείᾳ
1119 1249 1455 1333 παρεικάσαι
1501 1279 1587 1317 τις
1631 1250 1697 1311 ἂν
1748 1254 2129 1331 καταδυομένῳ

335 1351 438 1412 τὸν
467 1351 735 1433 ”Ο,υ.ηρον
777 1352 931 1426 ἡλίῳ,
964 1352 1026 1409 οῦ
1067 1349 1198 1430 δι’χα
1239 1358 1337 1419 τῆς
1375 1349 1782 1432 σφοδρότητος
1826 1354 2127 1435 παραμένει

334 1452 407 1512 τὸ
436 1453 694 1530 μέγεθος·
742 1453 803 1510 οὐ
843 1449 959 1532 γὰρ
999 1451 1083 1509 ἔτι
1123 1460 1244 1514 τοῖς
1283 1450 1548 1514 Ἰλιακοῖς
1577 1452 1793 1516 ἐκείνοις
1822 1452 2129 1523 ποιήμασιν

333 1552 458 1611 ἶσον
487 1554 722 1611 ἐνταῦθα
755 1547 919 1632 σώζει
951 1549 1054 1609 τὸν
1083 1550 1268 1620 τόνον,
1303 1549 1412 1609 οὐδ’
1443 1549 1867 1629 ἐξωμαλισμένα
1899 1551 1972 1611 τὰ
2001 1551 2128 1631 ὕψη

334 1654 422 1711 καὶ
461 1649 713 1735 ἱζήματα
757 1649 1014 1719 μηδαμοῦ
1053 1648 1446 1723 λαμβάνοντα,
1495 1649 1616 1708 οὐδὲ
1659 1652 1762 1719 τὴν
1806 1652 2129 1733 πρόσχυσιν

334 1752 532 1820 ὁμοίαν
573 1755 684 1809 τῶν
719 1747 1059 1815 ἐπαλλήλων
1092 1747 1305 1818 πάθων,
1338 1748 1457 1807 οὐδὲ
1487 1747 1559 1807 τὸ
1591 1749 2009 1831 ἀγχίστροφον
2038 1751 2128 1809 καὶ

334 1848 651 1920 πολιτικὸν,
680 1849 767 1907 καὶ
798 1857 924 1912 ταῖς
959 1850 1015 1905 ἐκ
1051 1855 1150 1916 τῆς
1192 1849 1452 1917 ἀληθείας
1494 1849 1841 1929 φαντασίαις
1880 1876 2128 1909 καταπε-

332 1947 691 2018 πυκνωμένον·
738 1948 887 2014 ἀλλ’,
920 1944 1037 2005 οἷον
1066 1948 1496 2027 ὑποχωροῦντος
1536 1950 1608 2010 εἰς
1651 1945 1848 2006 ἑαυτὸν
1894 1949 2127 2007 ὠκεανοῦ

330 2049 418 2106 καὶ
449 2048 577 2129 περὶ
608 2045 682 2106 τὰ
712 2045 823 2105 ἰ’δια
852 2046 1038 2127 με’τρα
1069 2045 1557 2129 ἐρημουμένου,·τὸ
1587 2045 1792 2105 λοιπὸν
1824 2047 2122 2128 φαίνονται

329 2152 435 2207 τοῦ
461 2147 730 2224 μεγέθους
759 2144 1074 2214 ἀμπώτιδες
1115 2144 1215 2204 κᾶν
1250 2155 1374 2209 ταῖς
1412 2145 1684 2215 μυθώδεσι
1730 2147 1818 2205 καὶ
1860 2147 2126 2210 ἀπίστοις

329 2244 584 2311 πλάναις.
676 2244 881 2322 Αὲγων
930 2244 985 2303 δὲ
1035 2246 1194 2303 ταῦτ’
1238 2247 1331 2303 οὐκ
1376 2246 1754 2315 ἐπιλέλησμαι
1799 2250 1910 2304 τῶν
1955 2248 2008 2305 ἐν
2052 2252 2126 2325 τῇ

329 2344 632 2421 Ὀδυσσείᾳ
683 2346 979 2425 χειμώνων,
1026 2344 1116 2401 καὶ
1174 2349 1284 2402 τῶν
1343 2344 1471 2424 περὶ
1518 2342 1619 2402 τὸν
1681 2344 1986 2413 Κύκλωπα,
2034 2347 2127 2404 καί

327 2473 489 2504 τινων
547 2443 752 2502 ἄλλων·
822 2442 976 2501 ἀλλὰ
1031 2451 1208 2524 γῆρας
1261 2442 1573 2521 διηγοῦμαι,
1637 2451 1813 2525 γῆρας
1873 2443 1917 2502 δ’
1979 2444 2123 2514 ὅμως

322 2544 593 2625 “()μῆρου.

413 2643 564 2700 Haec
593 2641 730 2700 ille:
778 2643 876 2699 cui
906 2641 1223 2699 nobiscum
1255 2644 1341 2700 ita
1372 2643 1673 2711 convenit,
1706 2650 1776 2700 ut
1812 2642 2121 2718 aliquanto

325 2750 530 2800 tamen
585 2740 1079 2798 honorificentius
1127 2742 1203 2798 de
1251 2748 1386 2800 toto
1435 2742 1702 2800 carmine
1756 2743 2120 2800 sentiamus:

325 2841 535 2908 multa,
584 2840 802 2917 quibus
854 2839 958 2897 ille
1010 2842 1430 2899 excusationes
1476 2843 1707 2918 quaerit,
1766 2861 1874 2899 nos
1934 2842 2119 2899 etiam

323 2940 487 2999 laudi
519 2941 731 2998 demus
762 2938 1053 2996 Homero,
1145 2939 1327 3009 Quod
1358 2947 1563 2998 autem
1595 2941 1957 3017 improbavit
1988 2957 2122 3015 spe-

323 3041 486 3098 ciosa
531 3039 636 3096 illa
686 3037 994 3106 miracula,
1042 3037 1221 3114 plane
1274 3041 1443 3115 quasi
1498 3039 1810 3098 delirantis
1869 3039 2117 3106 somnia,

327 3158 539 3196 vereor
566 3157 644 3196 ne
685 3137 941 3194 nimium
976 3137 1257 3194 tribuerit
1303 3138 1520 3196 saeculo
1560 3158 1688 3197 suc.
1776 3139 1916 3197 Jam
1955 3139 2118 3195 enim

322 3237 455 3296 Diis
486 3239 606 3296 suis
642 3236 986 3295 labentibus
1017 3236 1365 3312 quaerebant
1405 3237 1807 3314 undequaque
1852 3237 2118 3296 subsidia

322 3337 640 3395 Rhetores.
760 3335 982 3412 Neque
1042 3355 1255 3412 parum
1316 3335 1610 3394 molestiae
1670 3337 1899 3405 attulit,
1956 3337 2115 3413 quod

324 3436 597 3493 Homero
628 3437 757 3512 ipso
788 3442 966 3506 teste,
998 3435 1155 3493 levia
1185 3434 1336 3492 adeo
1367 3454 1436 3492 ac
1479 3436 1828 3494 numinibus
1869 3436 2117 3513 indigna

320 3534 414 3591 vel
449 3534 871 3592 vetustissimis
901 3533 1260 3590 adhaeserint
1291 3534 1486 3590 sacris.

966 3672 988 3694 a
1021 3658 1133 3715 Περὶ
1155 3656 1314 3716 ὕψους,
1341 3659 1382 3713 §.
1408 3672 1450 3715 9.
