2320 4126
132 264 289 296 PRAEL.
309 263 420 297 vm.
537 246 704 310 Qware
728 245 909 295 saeviat
932 244 988 295 in
1007 243 1240 294 Hectoris
1264 243 1498 295 cadaver.
1781 243 1887 298 119

364 384 526 441 τύμβον
547 385 583 429 δ’
607 386 656 429 οὐ
676 385 793 442 μάλα
812 385 983 428 πολλὸν
1005 384 1089 442 ἐγὼ
1109 383 1343 427 πονεέσθαι
1364 383 1523 440 ἄνωγα,

363 456 461 499 ἀλλ’
485 457 668 499 ἐπιείκεα
688 459 816 500 τοῖον·
850 456 995 499 ἔπειτα
1017 455 1063 498 δὲ
1085 455 1152 498 καὶ
1174 456 1249 498 τὸν
1270 454 1440 512 Ἀχαιοὶ

365 526 490 584 εὐρύν
510 527 547 570 θ’
569 527 745 585 ὑψηλόν
765 546 811 571 τε
833 526 1063 583 τιθήμεναι,
1087 525 1130 569 οἵ
1148 544 1219 570 κεν
1240 526 1356 582 ε’μεῖο

367 597 556 655 δεύτεροι
579 598 623 642 ἐν
644 597 799 654 νήεσσι
819 596 1083 652 πολυκλήισι
1104 597 1311 653 λίπησθε.

216 697 527 762 Praeterea,
569 699 732 756 nulla
783 719 895 772 vox
948 718 1023 755 ne
1076 699 1307 775 lugenti
1352 698 1594 772 quidem
1644 695 1890 764 excidit,

133 805 258 869 quae
293 795 447 863 forti,
488 815 820 871 magnoque
865 796 1062 851 animo
1103 796 1179 852 sit
1222 795 1497 870 indigna:
1543 792 1647 849 sed
1683 798 1888 847 tamen

132 888 276 944 nihil
326 908 395 945 ea
445 890 877 965 tranquillitate
935 891 1220 947 acerbius.
1330 888 1641 964 Intelligas
1692 886 1889 961 plane,

133 986 447 1042 vivendum
492 985 547 1042 ei
592 987 838 1061 posthac
877 987 939 1041 in
979 985 1180 1053 luctu;
1225 1005 1342 1042 non
1385 976 1588 1042 autem
1634 982 1891 1039 delicato

135 1079 236 1136 illo
279 1100 347 1136 ac
389 1080 681 1150 muliebri,
725 1102 917 1156 neque
949 1083 1047 1156 qui
1085 1081 1415 1138 communis
1451 1081 1593 1136 vitae
1632 1076 1894 1134 muneri-

133 1175 240 1231 bus
287 1177 523 1234 officiat.
642 1178 801 1247 Quin
863 1178 1022 1234 omni
1084 1178 1360 1234 ludorum
1419 1177 1671 1234 decursu
1724 1173 1894 1229 adest

131 1274 346 1340 anim0‚
376 1281 616 1348 paratus
656 1283 1118 1350 promptusque3
1164 1283 1295 1330 tum
1338 1274 1597 1339 demum,
1629 1270 1796 1327 velut
1831 1269 1893 1325 in

133 1370 529 1445 praescriptum
577 1370 855 1436 officium,
887 1390 949 1427 se
993 1371 1054 1427 in
1099 1388 1412 1427 moerorem
1457 1377 1638 1444 atque
1680 1367 1742 1423 in
1789 1385 1891 1442 ge-

134 1467 313 1522 mitus
341 1467 567 1541 recipit.

212 1660 350 1717 Jam
393 1667 461 1717 ut
503 1661 870 1734 paucissimis
914 1660 1234 1728 absolvam,
1266 1678 1395 1735 quae
1436 1659 1511 1716 de
1555 1658 1743 1716 altero
1787 1656 1891 1714 illo

132 1754 414 1828 ἐπεισοδίῳ
439 1764 578 1813 sunt
609 1757 890 1812 dicenda:
933 1757 1190 1831 primum
1215 1756 1692 1813 animadvertant
1715 1754 1893 1811 velim

133 1852 418 1918 homines,
448 1871 566 1907 non
608 1858 731 1908 tam
774 1871 928 1908 caeco
959 1852 1175 1918 furore,
1206 1870 1384 1925 quam
1425 1851 1609 1908 atroci
1640 1851 1895 1925 quadam

136 1947 423 2023 religione
480 1948 729 2022 peccari,
784 1947 942 2022 quod
1003 1947 1284 2004 Hectoris
1342 1966 1552 2022 corpus
1609 1947 1765 2004 male
1823 1945 1899 2003 ab

134 2042 372 2100 Achille
403 2043 716 2099 mulcatur.
791 2042 904 2098 Ille
935 2043 1214 2098 nimirum
1244 2050 1545 2099 commota
1574 2062 1643 2100 ac
1673 2042 1900 2099 fervida

136 2146 338 2195 mente
381 2139 442 2194 id
486 2158 667 2194 unum
716 2139 1041 2214 spectabat,
1082 2140 1142 2195 id
1189 2140 1426 2215 agebat,
1462 2146 1532 2196 ut
1575 2139 1740 2196 nullo
1777 2157 1898 2194 non

133 2236 354 2291 honore
414 2235 766 2292 defunctum
836 2236 1089 2292 amicum
1163 2242 1637 2310 prosequeretur.
1754 2234 1898 2292 Pars

135 2339 335 2388 autem
363 2331 600 2388 honoris
629 2332 966 2406 putabatur,
998 2331 1327 2389 Hectorem
1367 2332 1736 2407 plenissimas
1774 2351 1898 2407 poe-

135 2445 238 2484 nas
294 2427 474 2484 luere.
590 2426 804 2502 Itaque
861 2428 1236 2485 contumeliae
1293 2428 1409 2486 illae
1466 2429 1642 2486 certis
1691 2434 1898 2503 tempo

136 2522 599 2590 ribus‚>solennis
640 2524 814 2581 officii
852 2524 983 2581 loco
1013 2525 1468 2601 ingerebantur:
1519 2524 1900 2600 pertinebant

138 2620 211 2676 ad
243 2620 553 2693 exsequias
585 2619 862 2676 Patrocli.
934 2620 1130 2676 Immo
1159 2621 1342 2677 finitis
1373 2621 1552 2677 etiam
1585 2620 1899 2694 exsequiiS‚

138 2715 263 2789 ipso
293 2715 463 2771 initio
490 2715 626 2771 libri
657 2715 872 2781 ultimi,
897 2714 1187 2783 Achilles,
1220 2735 1470 2773 moerore
1506 2722 1569 2772 et
1607 2716 1901 2773 insomnia

139 2810 447 2866 confectus
468 2818 510 2875 θ,

375 2901 581 2946 δινεύεσκ’
603 2901 746 2951 ἀλύων
765 2902 882 2961 παρὰ
902 2901 980 2947 θίν’
1002 2901 1120 2948 ἁλός·
1153 2902 1255 2947 οὐδέ
1271 2922 1344 2961 μιν
1363 2903 1479 2950 Ἠὼς

375 2974 608 3032 φαινομένη
630 2973 843 3030 λήθεσκεν
864 2975 987 3032 ὑπεὶρ
1007 2973 1092 3018 ἅλα
1112 2975 1150 3020 τ’
1171 2974 1313 3032 ἠϊόνας
1336 2995 1396 3021 τε.

375 3045 473 3090 ἀλλ’
497 3045 562 3105 ὅγ’
585 3047 677 3091 ἐπεὶ
699 3046 881 3102 ζεύξειεν
901 3046 976 3105 ὑφ’
999 3047 1187 3104 ἅρμασιν
1208 3048 1340 3094 ὠκέας
1359 3047 1530 3099 ἵππους,

369 3117 558 3176 Ἕκτορα
579 3117 614 3162 δ’
638 3117 846 3162 ἕλκεσθαι
867 3119 1112 3175 δησάσκετο
1133 3120 1294 3178 δίφρου
1316 3119 1511 3165 ὄπισθεν·

377 3191 470 3247 τρὶς
491 3190 527 3234 δ’
550 3190 707 3247 ἐρύσας
726 3191 825 3249 περὶ
847 3194 964 3248 σῆμα
986 3193 1268 3237 Μενοιτιάδαο
1291 3193 1506 3243 θανόντος,

378 3261 495 3308 αὖτις
522 3262 584 3306 ε’νὶ
605 3263 752 3319 κλισίῃ
773 3262 1030 3307 παυέσκετο.

144 3360 302 3437 Ergo
334 3362 407 3418 de
447 3361 596 3420 coelo
627 3363 1034 3420 admonendus
1075 3370 1219 3431 erat,
1249 3369 1319 3419 ut
1349 3362 1436 3419 fas
1477 3379 1605 3419 esse
1635 3360 1905 3418 crederet

143 3457 197 3512 ei
237 3457 412 3515 funus
456 3459 796 3525 concedere,
841 3477 958 3533 quo
994 3457 1308 3514 inhumato
1351 3455 1681 3532 gauderent
1725 3456 1903 3512 amici

146 3550 375 3610 Manes,
491 3551 699 3628 Atque
767 3554 971 3621 etiam,
1035 3552 1317 3611 restituto
1385 3551 1686 3618 cadavere,
1747 3550 1904 3626 quod

851 3679 867 3697 θ
899 3672 953 3715 11.
977 3672 1096 3716 xxiv.
1125 3685 1194 3714 12.
