2320 4126
337 206 450 258 218
782 206 869 258 De
882 205 1081 276 pietate
1103 213 1149 258 et
1173 206 1460 259 constantia
1485 204 1715 258 Eumaei.
1841 222 2003 256 PRAEL.
2024 223 2142 257 xm.

339 352 455 410 hoc
487 351 598 409 sibi
632 350 798 419 velit,
830 351 1113 428 exempla
1142 350 1391 427 planum
1424 351 1668 408 facient.
1759 350 2042 429 Ulyssem
2079 350 2144 406 in

344 450 577 508 Eumaei
610 449 819 507 limine
850 469 1029 507 canes
1059 449 1416 508 adoriuntur
1446 449 1585 507 suis,

583 567 686 611 ἔνθα
708 585 781 612 κεν
801 564 837 626 ᾧ
856 566 946 625 πὰρ
970 565 1154 627 σταθμῷ
1177 565 1397 610 ἀεικέλιον
1417 565 1556 610 πάθεν
1576 564 1729 624 ἄλγος·

583 641 704 685 ἀλλὰ
727 643 932 698 συβώτης
953 641 1043 685 ὦκα
1062 641 1174 686 ποσὶ
1196 642 1448 699 κραιπνοῖσι
1470 641 1712 698 μετασπὼν

581 713 736 760 ἔσσυτ’
761 714 842 759 ἀνὰ
861 715 1100 774 πρόθυρον,
1125 718 1287 761 σκῦτος
1309 715 1356 759 δὲ
1380 716 1420 758 οἱ
1442 714 1604 759 ἔκπεσε
1624 715 1790 773 χειρός.

583 788 685 834 τοὺς
706 788 787 845 μὲν
807 786 1063 846 ὁμοκλήσας
1084 786 1214 834 σεῦεν
1235 786 1363 834 κύνας
1384 786 1571 833 ἄλλυδις
1591 786 1709 844 ἄλλῃ

582 864 802 919 πυκνῇσιν
821 862 1104 908 λιθάδεσσιν·
1139 864 1163 906 ὁ
1186 863 1233 907 δέ
1254 861 1524 920 προσέειπεν
1543 862 1720 913 ἄνακτα·

587 935 621 980 ὦ
643 935 765 992 ξεῖν’,
787 934 812 993 ἦ
836 936 993 996 ὀλίγου
1016 955 1072 982 σε
1093 935 1217 983 κύνες
1239 935 1559 994 διεδηλήσαντο

586 1009 805 1067 ἐξαπίνης·
843 1010 916 1054 καί
937 1010 1010 1055 κέν
1029 1029 1105 1068 μοι
1127 1011 1362 1070 ἐλεγχείην
1383 1010 1634 1070 κατέχευας.

588 1085 658 1128 καὶ
681 1084 732 1129 δέ
749 1103 824 1142 μοι
846 1083 964 1128 ἄλλα
987 1084 1080 1129 θεοὶ
1102 1085 1243 1131 δόσαν
1263 1085 1403 1145 ἄλγεά
1424 1104 1473 1129 τε
1495 1085 1719 1144 στοναχάς
1737 1103 1802 1131 τε.

587 1158 788 1204 ἀντιθέου
809 1159 896 1218 γὰρ
918 1158 1102 1206 ἄνακτος
1122 1160 1387 1219 ὀδυρόμενος
1409 1159 1479 1204 καὶ
1499 1157 1671 1218 ἀχεύων

586 1232 706 1291 ἧμαι,
729 1233 941 1279 ἄλλοισιν
962 1234 1009 1278 δὲ
1033 1232 1145 1280 σύας
1167 1235 1354 1281 σιάλους
1374 1234 1599 1279 ἀτιτάλλω

587 1307 775 1365 ἔδμεναι·
810 1308 947 1366 αὐτὰρ
970 1311 1109 1355 κεῖνος
1130 1309 1391 1366 ἐελδόμενος
1411 1326 1498 1353 που
1521 1307 1686 1365 ἐδωδῆς
1736 1322 1739 1325 ’

753 1379 764 1395 ,
801 1381 811 1396 ‚
843 1381 854 1396 ‚
891 1381 902 1397 ³

590 1453 632 1499 εἴ
649 1474 737 1500 που
758 1456 823 1501 ἔτι
847 1457 945 1512 ζώει
967 1457 1037 1501 καὶ
1059 1459 1140 1516 ὁρᾷ
1164 1458 1281 1516 φάος
1302 1454 1485 1514 ἠελίοιο.

349 1558 521 1617 Bene
551 1579 621 1618 ac
653 1563 932 1638 gnaviter
962 1562 1219 1639 perspici
1253 1562 1452 1630 velim,
1477 1580 1598 1637 qua
1628 1558 2019 1636 simplicitate
2049 1558 2158 1616 fiat

351 1655 586 1733 Ulyssis
636 1657 890 1727 mentio,
944 1678 1064 1735 qua
1116 1659 1175 1716 vi
1234 1659 1506 1737 germani
1567 1658 1788 1716 amoris
1847 1657 1924 1715 ad
1983 1656 2158 1714 illum

349 1755 666 1813 absentem
748 1763 812 1814 et
892 1756 1147 1816 fortasse
1238 1764 1551 1817 mortuum
1645 1756 1840 1814 omnis
1925 1755 2159 1813 Eumaei

352 1874 549 1914 sermo
582 1856 936 1916 divertatur.
991 1857 1227 1919 Iterum
1259 1856 1590 1934 alloquitur
1617 1856 1845 1935 gratias
1875 1863 2160 1935 agentem

351 1954 722 2033 hospitemt:

593 2070 714 2128 ξεῖν’,
738 2074 790 2116 οὔ
809 2091 885 2130 μοι
907 2071 1030 2130 θέμις
1050 2070 1161 2125 ἔστ’,
1184 2071 1276 2117 οὐδ’
1299 2072 1338 2116 εἷ
1359 2071 1517 2117 κακίων
1538 2071 1672 2117 σέθεν
1691 2070 1837 2124 ἔλθοι,

595 2144 740 2200 ξεῖνον
761 2145 987 2204 ἀτιμῆσαι·
1021 2146 1135 2205 πρὸς
1153 2146 1241 2205 γὰρ
1266 2148 1371 2194 Διός
1391 2146 1508 2191 εἶσιν
1528 2146 1718 2193 ἅπαντες

597 2218 735 2275 ξεῖνοί
754 2237 803 2263 τε
822 2219 997 2277 πτωχοί
1017 2233 1080 2264 τε·
1115 2219 1245 2266 δόσις
1266 2218 1303 2264 δ’
1326 2219 1456 2278 ὀλίγη
1478 2239 1527 2265 τε
1548 2220 1663 2278 φίλη
1685 2239 1734 2264 τε

596 2292 792 2351 γίγνεται
814 2291 1016 2351 ἡμετέρη·
1050 2292 1075 2349 ἦ
1098 2293 1184 2352 γὰρ
1208 2293 1364 2351 δμώων
1385 2294 1481 2351 δίκη
1507 2294 1646 2346 ἐστὶν,

597 2363 680 2410 α’ίει
702 2366 941 2419 δειδιότων,
965 2365 1027 2411 ὅτ’
1051 2366 1372 2425 ἐπικρατέωσιν
1391 2367 1571 2414 ἄνακτες

598 2441 639 2483 οἱ
661 2439 764 2484 νέοι·
799 2438 824 2497 ἧ
846 2440 934 2499 γὰρ
956 2443 1086 2500 τοῦγε
1110 2440 1202 2485 θεοὶ
1226 2441 1335 2486 κατὰ
1357 2442 1520 2486 νόστον
1541 2441 1722 2499 ἔδησαν,

598 2513 647 2560 ὅς
667 2533 740 2560 κεν
760 2513 825 2572 ἔμ’
849 2514 1057 2561 ἐνδυκέως
1078 2514 1242 2574 ἐφίλει,
1265 2515 1335 2559 καὶ
1357 2517 1513 2572 κτῆσιν
1534 2513 1754 2567 ὄπασσεν,

600 2586 671 2633 οἷά
691 2607 739 2634 τε
761 2586 796 2649 ᾧ
819 2588 933 2647 οἷκῆῖ
952 2588 1062 2648 ἄναξ
1083 2589 1271 2647 εὔθυμος
1291 2589 1468 2634 ἔδωκεν.

359 2692 612 2752 Habent
643 2713 715 2751 ea
745 2713 883 2770 quae
915 2699 1254 2770 sequuntur
1283 2692 1636 2771 praeclaram
1667 2693 1913 2770 pietatis
1942 2693 2168 2772 signifi-

360 2792 685 2863 cationem,
717 2800 934 2870 sponte
967 2812 1331 2870 expressam,
1357 2812 1481 2850 non
1510 2793 1807 2851 industria
1828 2794 2165 2869 quaesitam.

360 2891 688 2950 Mendicus
721 2891 973 2970 Ulysses
1016 2892 1324 2951 obtulerat
1370 2912 1433 2950 se
1474 2892 1741 2970 pignoris
1776 2891 1928 2962 loce,
1959 2899 2031 2950 ut
2071 2913 2168 2951 cae-

359 2991 487 3067 pite
516 2990 908 3067 plecteretur,
938 2992 1001 3048 ni
1034 2991 1291 3051 Eumaeo
1326 2991 1543 3049 herum
1574 2991 1741 3049 brevi
1778 2992 2164 3068 praestitisset

360 3089 750 3148 incolumem.
842 3089 957 3147 Ille
989 3096 1217 3159 contra,
1251 3090 1341 3147 vir
1369 3090 1565 3166 prisca
1594 3089 1960 3168 religionen:

605 3205 725 3264 ξεῖν’,
748 3205 861 3251 οὕτω
882 3206 969 3266 γὰρ
992 3206 1065 3252 κέν
1084 3226 1160 3265 μοι
1182 3206 1358 3264 ἐϋκλείη
1380 3205 1417 3251 τ’
1440 3205 1572 3266 ἀρετή
1595 3226 1643 3252 τε

606 3279 670 3338 εἴη
694 3279 760 3325 ἐπ’
783 3281 1054 3339 ἀνθρώπους,
1077 3281 1165 3339 ἅμα
1186 3279 1223 3326 τ’
1246 3280 1400 3325 αὐτίκα
1421 3281 1492 3324 καὶ
1512 3281 1762 3338 μετέπειτα,

605 3352 655 3400 ὅς
676 3352 720 3398 σ’
744 3353 840 3398 ἐπεὶ
862 3353 907 3400 ἐς
929 3353 1108 3411 κλισίην
1129 3353 1311 3413 ἄγαγον,
1335 3353 1406 3397 καὶ
1428 3353 1567 3409 ξείνια
1589 3353 1721 3406 δῶκα,

605 3424 727 3472 αὖτις
748 3426 796 3470 δὲ
819 3425 1043 3484 κτείναιμι,
1064 3427 1204 3486 φίλον
1224 3426 1261 3472 τ’
1284 3426 1371 3471 ἀπὸ
1393 3426 1532 3484 θυμὸν
1553 3426 1749 3484 ἑλοίμην

604 3500 823 3558 πρόφρων
845 3518 918 3546 κεν
939 3500 992 3558 δὴ
1015 3501 1165 3546 ἔπειτα
1186 3500 1270 3545 Δία
1292 3500 1518 3559 Κρονίωνα
1539 3501 1758 3559 λιτοίμην.

547 3628 560 3646 ⁵
594 3621 685 3666 Od.
709 3622 799 3668 xiv.
823 3637 897 3681 32.
1185 3625 1201 3655 t
1231 3624 1323 3669 xiv.
1347 3624 1421 3682 56.
1709 3630 1729 3648 '¹
1760 3622 1850 3667 xiv.
1875 3635 1980 3678 402.
