2320 4126
395 234 503 286 144
864 235 947 288 De
975 235 1148 287 Luctu
1174 236 1445 306 Equorum
1473 234 1718 288 Achillis.
1934 254 2093 289 PRAEL.
2116 256 2188 289 1x.

696 377 743 423 ἐν
763 378 935 436 κονίῃσι
954 380 1174 425 πεσόντος
1194 376 1272 437 ὑφ’
1287 376 1503 436 ‘'Em-opos·
1523 377 1834 437 ἀνδροφόνοιο.

694 451 721 509 ἦ
742 453 829 511 μὰν
851 452 1128 511 Αὐτομέδων,
1153 454 1345 510 Διώρεος
1365 451 1551 509 ἄλκιμος
1571 450 1678 504 υἷος,

694 527 846 571 πολλὰ
866 526 947 584 μὲν
967 526 1022 583 ἂρ
1043 527 1230 584 μάστιγι
1247 525 1326 583 θοῇ
1350 525 1579 583 ἐπεμαίετο
1601 522 1768 578 θείνων,

694 600 846 644 πολλὰ
869 600 916 643 δέ
937 599 1202 657 μειλιχίοισι
1222 596 1471 657 προσηύδα,
1494 598 1647 642 πολλὰ
1669 596 1705 642 δ’
1728 597 1867 657 ἀρειῇ·

694 675 756 718 τὼ
778 672 814 718 δ’
838 671 927 718 οὔτ’
951 673 1024 731 ἂψ
1046 672 1118 717 ἐπὶ
1140 675 1244 730 νῆας
1265 671 1338 717 ἐπὶ
1358 673 1529 717 πλατὺν
1547 670 1884 729 Ἑλλήσποντον

694 745 906 804 ἠθελέτην
928 745 1050 799 ἰέναι,
1074 745 1163 791 οὐτ’
1188 745 1233 792 ἐς
1252 746 1450 805 πόλεμον
1469 745 1562 804 μετ’
1583 745 1827 806 ἈχαίουςῙ·

482 851 734 910 Norunt
787 852 952 910 enim
994 871 1220 921 omneS,
1267 853 1437 929 equis
1481 853 1542 911 id
1588 873 1701 912 usu
1753 854 1969 923 venire,
2015 860 2085 912 ut
2129 854 2191 911 in

391 971 614 1029 magna
686 971 924 1028 quaque
991 951 1171 1010 turba
1244 971 1314 1010 ac
1381 953 1803 1031 trepidatione,
1864 953 2056 1031 qualis
2121 954 2191 1011 fit

391 1052 652 1110 incensis
683 1051 954 1121 stabulis,
986 1052 1093 1109 fixi
1126 1058 1292 1110 stent
1328 1071 1568 1129 prorsus
1608 1059 1792 1130 atque
1831 1052 2189 1111 immobiles,

393 1150 616 1228 Neque
647 1172 789 1210 vero
829 1151 930 1211 hic
973 1151 1088 1210 loci
1122 1152 1198 1211 de
1234 1159 1519 1229 portento
1559 1152 1760 1230 aliquo
1799 1152 2192 1231 cogitandum

388 1256 515 1309 est:
564 1252 697 1327 quis
735 1252 898 1310 enim
941 1251 1154 1318 nescit,
1198 1269 1396 1320 canes,
1429 1269 1631 1327 equos,
1665 1270 1890 1329 genera
1934 1270 2192 1327 quaeque

389 1348 802 1408 mansuetiora
845 1349 1178 1408 bestiarum
1230 1368 1353 1406 non
1399 1368 1533 1407 raro
1582 1350 1897 1408 nobiscum
1944 1349 2192 1418 sentire,

390 1448 608 1507 amisso
661 1449 998 1527 praesertim
1060 1449 1164 1507 illo
1225 1449 1328 1526 (1111
1387 1447 1680 1526 pabulum
1741 1449 1884 1508 dare
1944 1467 2194 1508 consue-

394 1555 565 1607 verat
583 1547 606 1608 ’.ἰ

1521 1630 1669 1647 (ἱὶλ

693 1704 847 1763 ἅνερος
868 1703 1044 1762 ἑστήκει
1066 1703 1324 1757 τεθνειότος,
1346 1701 1396 1761 ἧέ
1416 1706 1633 1764 γυναικός.

478 1809 724 1871 Videtis
764 1809 962 1888 plane,
996 1808 1457 1868 similitudinem
1488 1811 1671 1888 quaeri
1710 1811 1887 1869 unice
1925 1809 2190 1868 habilem

390 1917 718 1988 aptamque
778 1909 1160 1988 lugentibus:
1238 1929 1498 1986 quacum
1561 1909 1716 1967 bene
1775 1909 1908 1986 quis
1968 1909 2191 1985 poterit

391 2011 664 2069 conferre
724 2030 862 2087 quae
933 2029 1189 2089 magnus
1248 2009 1353 2068 ille
1414 2008 1795 2087 Shaksperus
1859 2008 2046 2067 habet
2115 2009 2191 2066 de

391 2110 595 2189 puella
625 2111 820 2169 macie
853 2111 1223 2169 confectam:

699 2269 1103 2281 ..............
1118 2235 1243 2280 velut
1263 2234 1313 2278 in
1332 2234 1470 2279 tacito
1494 2233 1716 2278 Patientia
1735 2233 1873 2278 busto

696 2310 945 2355 AEternum
967 2309 1108 2362 sedet,
1131 2316 1355 2354 aeternum
1376 2308 1622 2368 tranquilla
1641 2315 1813 2361 tuetur,

694 2384 878 2443 Excipit
899 2393 943 2429 et
960 2382 1140 2443 placido
1163 2383 1414 2428 Moerorem
1434 2382 1622 2427 lumine.

394 2461 545 2522 Haec
590 2462 728 2530 ille:
775 2463 873 2521 cui
914 2469 1122 2521 tamen
1166 2461 1228 2518 in
1275 2467 1548 2519 mentem
1585 2458 1916 2518 Homerica
1957 2460 2190 2518 venisse

389 2583 572 2622 nemo
632 2563 906 2622 omnium
954 2560 1277 2639 judicabit.
1388 2558 1736 2637 Simplicius
1796 2559 2062 2636 quidem,
2123 2579 2188 2616 re

390 2662 519 2741 ipsa
547 2661 914 2741 postulante,
947 2660 1290 2719 Homerus:
1323 2667 1581 2738 uterque
1612 2659 1905 2718 facultate
1929 2659 2189 2737 quadam

390 2746 674 2841 praeclara
732 2761 965 2840 (neque
1025 2762 1189 2820 enim
1249 2768 1444 2819 artem
1505 2759 1871 2837 didicerant)
1933 2758 2186 2817 eandem

390 2863 719 2943 imaginem
765 2882 872 2939 pro
918 2881 983 2919 re
1028 2868 1172 2920 nata
1218 2860 1303 2919 sic
1335 2853 1620 2930 variavit,v
1644 2866 1715 2917 ut
1760 2858 1910 2917 nihil
1948 2858 2189 2937 elegan-

389 2963 528 3021 tius,
620 2961 744 3020 Sed
774 2962 858 3020 ad
883 2959 1215 3019 Homerica
1243 2967 1651 3020 revertamur:

693 3088 751 3134 ὣς
770 3086 902 3145 μένον
922 3085 1183 3145 ἀσφαλέως,
1205 3086 1477 3144 περικάλλεα
1499 3085 1663 3144 δίφρον
1683 3085 1854 3143 ἔχοντε,

692 3160 810 3205 οὔδει
830 3158 1151 3219 ἐνισκίμψαντε
1174 3158 1382 3218 καρήατα·
1413 3158 1579 3217 δάκρυα
1600 3158 1652 3202 δέ
1671 3160 1761 3215 σφι

692 3234 833 3293 θερμὰ
853 3234 962 3279 κατὰ
981 3234 1228 3294 βλεφάρων
1247 3233 1437 3292 χαμάδις
1455 3232 1530 3292 ῥέε
1549 3231 1877 3291 μυρομένοισιν,

692 3307 888 3368 ἡνιόχοιο
909 3307 1041 3365 ποθῇ·
1076 3307 1242 3367 θαλερὴ
1266 3307 1313 3352 δὲ
1333 3307 1530 3365 μιαίνετο
1550 3305 1698 3366 χαίτῃ,

692 3382 879 3443 ζεύγλης
900 3383 1171 3442 ἐξεριποῦσα
1191 3382 1311 3441 παρὰ
1334 3382 1465 3440 ζυγὸν
1486 3380 1799 3440 ἀμφοτέρωσε.

691 3457 924 3516 μυρομένω
948 3456 985 3502 δ’
1009 3456 1095 3516 ἄρα
1116 3458 1176 3502 τὼ
1197 3476 1250 3517 γε
1274 3456 1378 3502 ἰδὼν
1401 3455 1565 3512 ἐλέησε
1588 3455 1800 3514 Κρονίων,

692 3529 872 3588 κινήσας
893 3531 942 3575 δὲ
964 3532 1089 3589 κάρη,
1110 3531 1242 3589 προτὶ
1265 3529 1315 3576 ὃν
1335 3529 1569 3588 μυθήσατο
1590 3530 1741 3588 θυμόν·

448 3673 461 3704 ¹
495 3674 549 3718 ΙΙ.
573 3673 679 3719 xvii.
704 3675 807 3729 426.
1360 3681 1388 3699 ¹¹¹
1426 3674 1613 3730 Tweffth
1635 3674 1793 3730 Niykt,
1818 3674 1905 3718 Act
1927 3674 1971 3718 ii.
1996 3690 2058 3719 sc.
2083 3690 2125 3729 4.
