2320 4126
328 217 440 271 334
542 218 624 271 De
643 216 814 270 subita
839 223 884 269 et
909 215 1141 287 inquieta
1166 215 1462 270 Promethei
1481 214 1735 269 clausula.
1837 235 1998 269 PRAEL.
2020 236 2134 269 xm.

328 367 717 445 mitigaturus
765 375 925 424 esset
978 363 1278 432 remediiS‚
1333 371 1650 441 postquam
1706 364 1890 423 fuerit
1936 366 2018 423 ad·
2065 384 2138 424 ea

328 474 693 543 perventum
726 484 858 541 quae
895 463 1114 521 ultima
1157 462 1440 521 carminis
1477 469 1650 540 parte
1688 463 1959 523 dicturus
1989 471 2138 533 erat,

329 563 405 622 ad
462 562 830 621 Promethea
884 560 1171 620 Solutum
1235 561 1621 638 pertinentia.
1711 561 1894 622 Certe
1953 563 2002 622 si
2063 563 2139 621 ad

328 659 881 739 Agamemnoniam
928 659 1146 718 seriem
1199 659 1502 737 respicies,
1548 660 1817 719 invenies
1860 680 2139 720 mancam

327 778 569 836 prorsus
622 777 692 816 ac
746 757 1012 817 debilem
1060 758 1188 817 fore
1238 760 1644 818 narrationem
1705 760 1812 819 irae
1867 759 2139 818 Deorum

329 858 395 915 in
459 856 802 935 PelopidaS,
866 857 929 915 ni
997 858 1156 915 forte
1230 858 1512 918 omnibus
1573 859 1839 918 numeris
1901 866 2141 918 extaret

329 957 528 1015 adhuc
581 957 858 1034 perfecta
910 965 1095 1034 atque
1147 957 1385 1035 integra
1436 957 1660 1017 fabula.
1769 958 1971 1029 Quare
2018 979 2139 1018 non

331 1056 462 1115 sine
527 1075 750 1134 magna
810 1057 1067 1127 ratione,
1130 1075 1204 1114 an
1274 1056 1471 1115 dicam
1534 1058 1828 1117 instinctu
1879 1058 2141 1135 quodam

330 1156 580 1214 rationis
626 1154 955 1224 simillimO,
1001 1174 1144 1213 eum
1199 1155 1409 1214 intulit
1455 1157 1567 1216 sub
1612 1158 1733 1216 fine
1788 1157 2141 1217 Promethei

332 1254 548 1316 Vincti
614 1274 817 1313 rerum
889 1255 953 1312 in
1015 1254 1210 1313 scenis
1282 1255 1655 1334 agendarum
1728 1263 2004 1315 tenorem
2069 1276 2141 1315 ac

330 1355 666 1425 modulum,
727 1354 831 1432 qui
880 1354 1112 1432 optime
1161 1355 1485 1413 conveniat
1536 1375 1677 1414 cum
1742 1356 1853 1415 lite
1900 1356 1996 1430 (ut
2055 1357 2144 1416 ita

334 1455 559 1531 dicam)
609 1455 934 1532 pendente.
1047 1453 1200 1524 Quis
1255 1455 1417 1513 enim
1471 1454 1827 1534 legentium,
1873 1456 2141 1526 obsecre,

333 1553 510 1612 facile
552 1554 726 1622 ferat,
763 1553 1020 1630 relinqui
1058 1572 1123 1611 se
1157 1553 1265 1612 tali
1300 1554 1574 1612 omnium
1610 1574 1813 1613 rerum
1850 1554 2141 1625 tumultU,

334 1651 503 1711 nulla
547 1672 746 1730 neque
799 1671 906 1729 spe
949 1650 1292 1721 meliorum,
1347 1670 1549 1729 neque
1593 1654 1738 1712 satis
1781 1659 1948 1712 certa
1990 1672 2144 1731 prae-

335 1752 601 1809 sentium
632 1748 1029 1810 defensione?

759 1910 830 1954 καὶ
850 1909 936 1967 μὴν
957 1909 1074 1971 ἔργῳ
1097 1907 1133 1953 κ’
1157 1911 1299 1954 οὔκετι
1324 1909 1451 1970 μυθῷ

760 1985 884 2044 χθὼν
906 1985 1192 2031 σεσάλευται·

761 2059 929 2118 βρυχία
950 2057 987 2104 δ’
1013 2059 1108 2118 ἥχω
1129 2061 1435 2118 παραμυκᾶται

761 2137 967 2195 βροντῆς,
989 2133 1136 2181 ἕλικες
1156 2132 1194 2179 δ’
1218 2134 1496 2192 ἐκλάμπουσι

764 2212 987 2269 στεροπῆς
1010 2210 1207 2268 ζάπυροι,
1230 2211 1455 2267 στρόμβοι
1477 2209 1525 2254 δὲ
1547 2211 1666 2255 κόνιν

764 2284 1040 2337 εἱλίσσουσι,
1063 2285 1223 2342 σκιρτᾷ
1246 2282 1284 2327 δ’
1306 2282 1476 2340 ἀνέμων

764 2356 991 2416 πνεύματα
1010 2358 1198 2411 πάντων,
1221 2357 1283 2403 εἷς
1302 2356 1483 2415 ἄλληλα

765 2433 930 2478 στάσιν
950 2431 1185 2478 ἀντίπνουν
1203 2429 1559 2489 ἀποδεικνύμενα·

763 2507 1105 2566 ξυντετάρακται
1127 2506 1164 2551 δ’
1188 2506 1318 2565 αἰθὴρ
1339 2507 1502 2568 πόντῳ·

765 2578 902 2626 τοίαδ’
925 2579 991 2626 ἐπ’
1016 2580 1112 2638 ἐμοὶ
1132 2579 1237 2640 ῥιπὴ
1261 2580 1420 2626 Διόθεν

766 2653 993 2714 τεύχουσα
1014 2656 1166 2715 φόβον
1187 2655 1359 2714 στείχει
1379 2656 1598 2715 φανερῶς·

766 2730 801 2775 ὦ
821 2731 988 2790 μητρὸς
1009 2730 1113 2789 ε’μῆς
1134 2729 1293 2785 σέβας,
1316 2729 1350 2774 ὦ
1366 2730 1541 2775 πάντων

765 2805 895 2864 αἰθὴρ
921 2805 1066 2851 κοινὸν
1086 2806 1205 2865 φάος
1225 2805 1425 2858 εἶλίσων,

833 2879 999 2938 ἐσορᾷς
1018 2879 1080 2938 μ’,
1102 2880 1160 2926 ὡς
1181 2879 1329 2925 ἔκδικα
1349 2879 1529 2938 πάσχω.

430 3023 573 3094 Hie,
631 3043 708 3082 ne
766 3045 1090 3103 gravemur
1148 3025 1338 3084 semel
1398 3026 1632 3083 dictum
1685 3032 1978 3103 repetere,
2047 3026 2144 3086 vel

342 3124 577 3182 aurium
623 3143 801 3200 paene
835 3125 1067 3202 judicio
1103 3131 1571 3184 commonentur
1606 3124 1881 3194 lectores,
1921 3126 2145 3184 muniri

343 3222 791 3299 quodammodo
850 3223 926 3280 ad
986 3221 1275 3280 ulteriora
1333 3221 1529 3291 viam3
1604 3241 1683 3279 ne
1749 3222 1906 3282 forte
1964 3222 2146 3280 vehe-

340 3322 608 3379 mentius
653 3320 1000 3380 desiderent
1023 3339 1369 3399 congruam
1415 3319 1618 3378 divino
1662 3320 1920 3379 Numini
1964 3323 2146 3399 aequi-

342 3426 557 3477 tatem.

430 3513 752 3584 Praeterea,
814 3517 1013 3596 spargi
1072 3515 1348 3575 videmus
1405 3515 1505 3574 hic
1563 3516 1688 3575 illic
1747 3516 1969 3574 indicia
2009 3502 2143 3573 ⁴non

343 3613 495 3670 adeo
526 3613 780 3671 obscura
815 3614 1121 3691 AEschylei
1154 3615 1230 3672 de
1261 3615 1572 3674 liberando
1605 3614 1971 3691 Prometheo
2002 3631 2144 3672 con-
