<?xml version="1.0" encoding="UTF-8"?>
<!DOCTYPE html PUBLIC "-//W3C//DTD XHTML 1.0 Transitional//EN"
    "http://www.w3.org/TR/xhtml1/DTD/xhtml1-transitional.dtd">
<html xmlns="http://www.w3.org/1999/xhtml" xml:lang="en" lang="en">
 <head>
  <title>
</title>
<meta http-equiv="Content-Type" content="text/html;charset=utf-8" />
  <meta name='ocr-system' content='tesseract 3.04.00' />
  <meta name='ocr-capabilities' content='ocr_page ocr_carea ocr_par ocr_line ocrx_word'/>
</head>
<body>
  <div class='ocr_page' id='page_1' title='image "./a588873901kebluoft_0368.png"; bbox 0 0 2320 4126; ppageno 0'>
   <div class='ocr_carea' id='block_1_1' title="bbox 314 234 2114 303">
    <p class='ocr_par' dir='ltr' id='par_1_1' title="bbox 314 234 2114 303">
     <span class='ocr_line' id='line_1_1' title="bbox 314 234 2114 303; baseline 0 -14"><span class='ocrx_word' id='word_1_1' title='bbox 314 238 424 290; x_wconf 81' lang='lat'>358</span> <span class='ocrx_word' id='word_1_2' title='bbox 763 234 1024 303; x_wconf 74' lang='grc' dir='ltr'>Πρόνοιαν</span> <span class='ocrx_word' id='word_1_3' title='bbox 1050 236 1108 287; x_wconf 72' lang='lat' dir='ltr'>in</span> <span class='ocrx_word' id='word_1_4' title='bbox 1139 235 1371 288; x_wconf 65' lang='lat' dir='ltr'>Oresteion</span> <span class='ocrx_word' id='word_1_5' title='bbox 1397 235 1682 288; x_wconf 72' lang='lat' dir='ltr'>vindicari.</span> <span class='ocrx_word' id='word_1_6' title='bbox 1838 254 1997 289; x_wconf 75' lang='lat' dir='ltr'>PRAEL.</span> <span class='ocrx_word' id='word_1_7' title='bbox 2021 254 2114 290; x_wconf 83' lang='lat' dir='ltr'>xx,</span> 
     </span>
    </p>
   </div>
   <div class='ocr_carea' id='block_1_2' title="bbox 295 384 2120 3651">
    <p class='ocr_par' dir='ltr' id='par_1_2' title="bbox 299 384 2120 1954">
     <span class='ocr_line' id='line_1_2' title="bbox 315 384 2117 462; baseline 0 -19"><span class='ocrx_word' id='word_1_8' title='bbox 315 392 510 444; x_wconf 87' lang='lat' dir='ltr'>tatem</span> <span class='ocrx_word' id='word_1_9' title='bbox 571 405 692 443; x_wconf 93' lang='lat' dir='ltr'>non</span> <span class='ocrx_word' id='word_1_10' title='bbox 752 385 904 443; x_wconf 88' lang='lat' dir='ltr'>adeo</span> <span class='ocrx_word' id='word_1_11' title='bbox 961 391 1190 453; x_wconf 83' lang='lat' dir='ltr'>curant,</span> <span class='ocrx_word' id='word_1_12' title='bbox 1253 384 1434 441; x_wconf 90' lang='lat' dir='ltr'>modo</span> <span class='ocrx_word' id='word_1_13' title='bbox 1493 385 1804 462; x_wconf 88' lang='lat' dir='ltr'>ingenioso</span> <span class='ocrx_word' id='word_1_14' title='bbox 1857 386 2117 462; x_wconf 89' lang='lat' dir='ltr'>quodam</span> 
     </span>
     <span class='ocr_line' id='line_1_3' title="bbox 313 483 2115 560; baseline -0.001 -17"><span class='ocrx_word' id='word_1_15' title='bbox 313 492 671 543; x_wconf 83' lang='lat' dir='ltr'>eventorum</span> <span class='ocrx_word' id='word_1_16' title='bbox 714 484 858 542; x_wconf 89' lang='lat' dir='ltr'>orbe</span> <span class='ocrx_word' id='word_1_17' title='bbox 896 503 1023 541; x_wconf 90' lang='lat' dir='ltr'>rem</span> <span class='ocrx_word' id='word_1_18' title='bbox 1062 503 1181 559; x_wconf 91' lang='lat' dir='ltr'>quo</span> <span class='ocrx_word' id='word_1_19' title='bbox 1230 503 1380 560; x_wconf 89' lang='lat' dir='ltr'>opus</span> <span class='ocrx_word' id='word_1_20' title='bbox 1425 483 1503 541; x_wconf 91' lang='lat' dir='ltr'>sit</span> <span class='ocrx_word' id='word_1_21' title='bbox 1541 483 1833 542; x_wconf 87' lang='lat' dir='ltr'>deferant.</span> <span class='ocrx_word' id='word_1_22' title='bbox 1925 483 2115 543; x_wconf 83' lang='lat' dir='ltr'>Verbi</span> 
     </span>
     <span class='ocr_line' id='line_1_4' title="bbox 310 581 2120 663; baseline -0.001 -22"><span class='ocrx_word' id='word_1_23' title='bbox 310 585 531 663; x_wconf 79' lang='lat' dir='ltr'>gra-tia:</span> <span class='ocrx_word' id='word_1_24' title='bbox 574 584 717 659; x_wconf 91' lang='lat' dir='ltr'>quid</span> <span class='ocrx_word' id='word_1_25' title='bbox 749 582 914 640; x_wconf 89' lang='lat' dir='ltr'>aliud</span> <span class='ocrx_word' id='word_1_26' title='bbox 946 582 1073 660; x_wconf 90' lang='lat' dir='ltr'>agit</span> <span class='ocrx_word' id='word_1_27' title='bbox 1099 581 1194 640; x_wconf 87' lang='lat' dir='ltr'>vel</span> <span class='ocrx_word' id='word_1_28' title='bbox 1226 582 1353 658; x_wconf 91' lang='lat' dir='ltr'>ipse</span> <span class='ocrx_word' id='word_1_29' title='bbox 1379 581 1710 659; x_wconf 82' lang='lat' dir='ltr'>Sophocles</span> <span class='ocrx_word' id='word_1_30' title='bbox 1741 583 1803 639; x_wconf 93' lang='lat' dir='ltr'>in</span> <span class='ocrx_word' id='word_1_31' title='bbox 1835 582 2120 641; x_wconf 88' lang='lat' dir='ltr'>laudatis-</span> 
     </span>
     <span class='ocr_line' id='line_1_5' title="bbox 313 680 2119 758; baseline -0.002 -15"><span class='ocrx_word' id='word_1_32' title='bbox 313 685 465 745; x_wconf 75' lang='lat' dir='ltr'>simo</span> <span class='ocrx_word' id='word_1_33' title='bbox 496 682 602 740; x_wconf 87' lang='lat' dir='ltr'>illo</span> <span class='ocrx_word' id='word_1_34' title='bbox 627 682 866 758; x_wconf 82' lang='lat' dir='ltr'>OEdipo,</span> <span class='ocrx_word' id='word_1_35' title='bbox 907 701 1088 758; x_wconf 83' lang='lat' dir='ltr'>quarn</span> <span class='ocrx_word' id='word_1_36' title='bbox 1121 680 1311 739; x_wconf 91' lang='lat' dir='ltr'>veluti</span> <span class='ocrx_word' id='word_1_37' title='bbox 1354 681 1745 739; x_wconf 89' lang='lat' dir='ltr'>mactandum</span> <span class='ocrx_word' id='word_1_38' title='bbox 1779 683 1983 751; x_wconf 89' lang='lat' dir='ltr'>tradit,</span> <span class='ocrx_word' id='word_1_39' title='bbox 2017 683 2119 740; x_wconf 90' lang='lat' dir='ltr'>de-</span> 
     </span>
     <span class='ocr_line' id='line_1_6' title="bbox 312 781 2119 859; baseline 0.001 -21"><span class='ocrx_word' id='word_1_40' title='bbox 312 790 455 840; x_wconf 86' lang='lat' dir='ltr'>voto</span> <span class='ocrx_word' id='word_1_41' title='bbox 480 782 697 859; x_wconf 88' lang='lat' dir='ltr'>capite,</span> <span class='ocrx_word' id='word_1_42' title='bbox 720 782 916 838; x_wconf 91' lang='lat' dir='ltr'>virum</span> <span class='ocrx_word' id='word_1_43' title='bbox 948 800 1069 839; x_wconf 91' lang='lat' dir='ltr'>non</span> <span class='ocrx_word' id='word_1_44' title='bbox 1100 781 1283 839; x_wconf 90' lang='lat' dir='ltr'>modo</span> <span class='ocrx_word' id='word_1_45' title='bbox 1314 781 1632 838; x_wconf 86' lang='lat' dir='ltr'>innoxium</span> <span class='ocrx_word' id='word_1_46' title='bbox 1666 782 1770 839; x_wconf 88' lang='lat' dir='ltr'>sed</span> <span class='ocrx_word' id='word_1_47' title='bbox 1796 782 1982 840; x_wconf 89' lang='lat' dir='ltr'>etiam</span> <span class='ocrx_word' id='word_1_48' title='bbox 2013 802 2119 859; x_wconf 91' lang='lat' dir='ltr'>op-</span> 
     </span>
     <span class='ocr_line' id='line_1_7' title="bbox 311 880 2115 958; baseline 0.001 -20"><span class='ocrx_word' id='word_1_49' title='bbox 311 882 462 947; x_wconf 81' lang='lat' dir='ltr'>time</span> <span class='ocrx_word' id='word_1_50' title='bbox 494 882 570 939; x_wconf 89' lang='lat' dir='ltr'>de</span> <span class='ocrx_word' id='word_1_51' title='bbox 602 881 882 939; x_wconf 80' lang='lat' dir='ltr'>omnibus</span> <span class='ocrx_word' id='word_1_52' title='bbox 927 880 1234 950; x_wconf 89' lang='lat' dir='ltr'>meritum,</span> <span class='ocrx_word' id='word_1_53' title='bbox 1266 880 1447 938; x_wconf 91' lang='lat' dir='ltr'>rebus</span> <span class='ocrx_word' id='word_1_54' title='bbox 1477 887 1603 938; x_wconf 89' lang='lat' dir='ltr'>tam</span> <span class='ocrx_word' id='word_1_55' title='bbox 1636 887 1835 950; x_wconf 88' lang='lat' dir='ltr'>acute,</span> <span class='ocrx_word' id='word_1_56' title='bbox 1866 888 2115 958; x_wconf 88' lang='lat' dir='ltr'>tamque</span> 
     </span>
     <span class='ocr_line' id='line_1_8' title="bbox 311 979 2114 1058; baseline 0.001 -21"><span class='ocrx_word' id='word_1_57' title='bbox 311 981 606 1038; x_wconf 79' lang='lat' dir='ltr'>concinne</span> <span class='ocrx_word' id='word_1_58' title='bbox 652 980 955 1057; x_wconf 81' lang='lat' dir='ltr'>dispositis</span> <span class='ocrx_word' id='word_1_59' title='bbox 1000 980 1063 1037; x_wconf 89' lang='lat' dir='ltr'>in</span> <span class='ocrx_word' id='word_1_60' title='bbox 1108 980 1238 1056; x_wconf 86' lang='lat' dir='ltr'>ejus</span> <span class='ocrx_word' id='word_1_61' title='bbox 1277 980 1557 1048; x_wconf 85' lang='lat' dir='ltr'>exitium,</span> <span class='ocrx_word' id='word_1_62' title='bbox 1603 979 1771 1056; x_wconf 88' lang='lat' dir='ltr'>quasi</span> <span class='ocrx_word' id='word_1_63' title='bbox 1817 1000 1924 1058; x_wconf 93' lang='lat' dir='ltr'>pro</span> <span class='ocrx_word' id='word_1_64' title='bbox 1970 980 2114 1038; x_wconf 92' lang='lat' dir='ltr'>ludo</span> 
     </span>
     <span class='ocr_line' id='line_1_9' title="bbox 307 1078 2113 1157; baseline 0 -18"><span class='ocrx_word' id='word_1_65' title='bbox 307 1101 377 1150; x_wconf 82' lang='lat' dir='ltr'>ac</span> <span class='ocrx_word' id='word_1_66' title='bbox 437 1079 668 1139; x_wconf 91' lang='lat' dir='ltr'>deliciis</span> <span class='ocrx_word' id='word_1_67' title='bbox 720 1079 943 1138; x_wconf 88' lang='lat' dir='ltr'>habeat</span> <span class='ocrx_word' id='word_1_68' title='bbox 998 1078 1270 1148; x_wconf 85' lang='lat' dir='ltr'>Numen,</span> <span class='ocrx_word' id='word_1_69' title='bbox 1329 1098 1555 1156; x_wconf 88' lang='lat' dir='ltr'>ponere</span> <span class='ocrx_word' id='word_1_70' title='bbox 1605 1078 1851 1157; x_wconf 88' lang='lat' dir='ltr'>laqueos</span> <span class='ocrx_word' id='word_1_71' title='bbox 1902 1081 2113 1139; x_wconf 88' lang='lat' dir='ltr'>imme-</span> 
     </span>
     <span class='ocr_line' id='line_1_10' title="bbox 308 1178 2113 1258; baseline 0.001 -20"><span class='ocrx_word' id='word_1_72' title='bbox 308 1180 623 1240; x_wconf 70' lang='lat' dir='ltr'>rentibus?</span> <span class='ocrx_word' id='word_1_73' title='bbox 684 1178 1006 1258; x_wconf 88' lang='lat' dir='ltr'>AEschylus</span> <span class='ocrx_word' id='word_1_74' title='bbox 1051 1179 1231 1258; x_wconf 91' lang='lat' dir='ltr'>longe</span> <span class='ocrx_word' id='word_1_75' title='bbox 1272 1178 1464 1248; x_wconf 89' lang='lat' dir='ltr'>aliter,</span> <span class='ocrx_word' id='word_1_76' title='bbox 1512 1199 1710 1256; x_wconf 91' lang='lat' dir='ltr'>neque</span> <span class='ocrx_word' id='word_1_77' title='bbox 1754 1180 1958 1258; x_wconf 88' lang='lat' dir='ltr'>paullo</span> <span class='ocrx_word' id='word_1_78' title='bbox 1988 1201 2113 1240; x_wconf 93' lang='lat' dir='ltr'>me-</span> 
     </span>
     <span class='ocr_line' id='line_1_11' title="bbox 305 1278 2112 1357; baseline 0.002 -21"><span class='ocrx_word' id='word_1_79' title='bbox 305 1279 455 1348; x_wconf 85' lang='lat' dir='ltr'>lius:</span> <span class='ocrx_word' id='word_1_80' title='bbox 503 1281 605 1357; x_wconf 88' lang='lat' dir='ltr'>qui</span> <span class='ocrx_word' id='word_1_81' title='bbox 638 1279 924 1336; x_wconf 89' lang='lat' dir='ltr'>nimirum</span> <span class='ocrx_word' id='word_1_82' title='bbox 956 1279 1018 1336; x_wconf 92' lang='lat' dir='ltr'>id</span> <span class='ocrx_word' id='word_1_83' title='bbox 1050 1279 1372 1357; x_wconf 72' lang='lat' dir='ltr'>praecipue,</span> <span class='ocrx_word' id='word_1_84' title='bbox 1398 1279 1511 1337; x_wconf 89' lang='lat' dir='ltr'>sibi</span> <span class='ocrx_word' id='word_1_85' title='bbox 1543 1278 1691 1337; x_wconf 85' lang='lat' dir='ltr'>velit</span> <span class='ocrx_word' id='word_1_86' title='bbox 1721 1288 1791 1338; x_wconf 96' lang='lat' dir='ltr'>ut</span> <span class='ocrx_word' id='word_1_87' title='bbox 1821 1279 2112 1349; x_wconf 91' lang='lat' dir='ltr'>Deorum,</span> 
     </span>
     <span class='ocr_line' id='line_1_12' title="bbox 307 1378 2113 1458; baseline -0.001 -18"><span class='ocrx_word' id='word_1_88' title='bbox 307 1380 590 1450; x_wconf 84' lang='lat' dir='ltr'>rationes,</span> <span class='ocrx_word' id='word_1_89' title='bbox 637 1379 856 1456; x_wconf 89' lang='lat' dir='ltr'>quibus</span> <span class='ocrx_word' id='word_1_90' title='bbox 901 1378 988 1436; x_wconf 88' lang='lat' dir='ltr'>illi</span> <span class='ocrx_word' id='word_1_91' title='bbox 1049 1379 1330 1438; x_wconf 90' lang='lat' dir='ltr'>mortalia</span> <span class='ocrx_word' id='word_1_92' title='bbox 1372 1380 1733 1458; x_wconf 82' lang='lat' dir='ltr'>gubernent,</span> <span class='ocrx_word' id='word_1_93' title='bbox 1795 1388 1928 1438; x_wconf 92' lang='lat' dir='ltr'>tum</span> <span class='ocrx_word' id='word_1_94' title='bbox 1984 1382 2113 1458; x_wconf 91' lang='lat' dir='ltr'>ipse</span> 
     </span>
     <span class='ocr_line' id='line_1_13' title="bbox 306 1478 2114 1550; baseline 0 -15"><span class='ocrx_word' id='word_1_95' title='bbox 306 1485 571 1550; x_wconf 87' lang='lat' dir='ltr'>tueatur,</span> <span class='ocrx_word' id='word_1_96' title='bbox 618 1485 752 1535; x_wconf 89' lang='lat' dir='ltr'>tum</span> <span class='ocrx_word' id='word_1_97' title='bbox 813 1478 1054 1537; x_wconf 88' lang='lat' dir='ltr'>caeteris</span> <span class='ocrx_word' id='word_1_98' title='bbox 1112 1479 1313 1537; x_wconf 88' lang='lat' dir='ltr'>tradat</span> <span class='ocrx_word' id='word_1_99' title='bbox 1373 1479 1647 1537; x_wconf 69' lang='lat' dir='ltr'>tuendas</span> <span class='ocrx_word' id='word_1_100' title='bbox 1747 1478 2114 1541; x_wconf 87' lang='lat' dir='ltr'>Continetur</span> 
     </span>
     <span class='ocr_line' id='line_1_14' title="bbox 299 1577 2112 1655; baseline -0.001 -18"><span class='ocrx_word' id='word_1_101' title='bbox 299 1597 541 1637; x_wconf 80' lang='lat' dir='ltr'>summa</span> <span class='ocrx_word' id='word_1_102' title='bbox 610 1579 739 1655; x_wconf 90' lang='lat' dir='ltr'>ejus</span> <span class='ocrx_word' id='word_1_103' title='bbox 805 1577 1278 1655; x_wconf 83' lang='lat' dir='ltr'>Tragoediarum,</span> <span class='ocrx_word' id='word_1_104' title='bbox 1323 1598 1445 1636; x_wconf 91' lang='lat' dir='ltr'>non</span> <span class='ocrx_word' id='word_1_105' title='bbox 1497 1579 1792 1636; x_wconf 89' lang='lat' dir='ltr'>narrando</span> <span class='ocrx_word' id='word_1_106' title='bbox 1837 1580 1981 1655; x_wconf 89' lang='lat' dir='ltr'>quid</span> <span class='ocrx_word' id='word_1_107' title='bbox 2034 1580 2112 1638; x_wconf 91' lang='lat' dir='ltr'>sit</span> 
     </span>
     <span class='ocr_line' id='line_1_15' title="bbox 305 1674 2110 1755; baseline 0.002 -22"><span class='ocrx_word' id='word_1_108' title='bbox 305 1675 539 1734; x_wconf 88' lang='lat' dir='ltr'>factum</span> <span class='ocrx_word' id='word_1_109' title='bbox 605 1674 1092 1754; x_wconf 83' lang='lat' dir='ltr'>Agamemnone,</span> <span class='ocrx_word' id='word_1_110' title='bbox 1164 1676 1551 1747; x_wconf 85' lang='lat' dir='ltr'>PrometheO,</span> <span class='ocrx_word' id='word_1_111' title='bbox 1619 1677 1937 1755; x_wconf 85' lang='lat' dir='ltr'>OEdipode,</span> <span class='ocrx_word' id='word_1_112' title='bbox 2004 1680 2110 1736; x_wconf 88' lang='lat' dir='ltr'>sed</span> 
     </span>
     <span class='ocr_line' id='line_1_16' title="bbox 307 1774 2110 1853; baseline 0.002 -21"><span class='ocrx_word' id='word_1_113' title='bbox 307 1775 715 1853; x_wconf 79' lang='lat' dir='ltr'>explicatione</span> <span class='ocrx_word' id='word_1_114' title='bbox 762 1774 921 1834; x_wconf 88' lang='lat' dir='ltr'>clara</span> <span class='ocrx_word' id='word_1_115' title='bbox 969 1783 1032 1834; x_wconf 91' lang='lat' dir='ltr'>et</span> <span class='ocrx_word' id='word_1_116' title='bbox 1078 1776 1297 1835; x_wconf 82' lang='lat' dir='ltr'>illustri</span> <span class='ocrx_word' id='word_1_117' title='bbox 1343 1777 1728 1836; x_wconf 88' lang='lat' dir='ltr'>consiliorum</span> <span class='ocrx_word' id='word_1_118' title='bbox 1777 1798 1813 1836; x_wconf 95' lang='lat' dir='ltr'>a</span> <span class='ocrx_word' id='word_1_119' title='bbox 1856 1778 2110 1836; x_wconf 89' lang='lat' dir='ltr'>Summo</span> 
     </span>
     <span class='ocr_line' id='line_1_17' title="bbox 309 1875 1817 1954; baseline 0.001 -20"><span class='ocrx_word' id='word_1_120' title='bbox 309 1875 574 1942; x_wconf 84' lang='lat' dir='ltr'>Rectore</span> <span class='ocrx_word' id='word_1_121' title='bbox 606 1876 682 1934; x_wconf 93' lang='lat' dir='ltr'>de</span> <span class='ocrx_word' id='word_1_122' title='bbox 713 1877 1187 1954; x_wconf 89' lang='lat' dir='ltr'>uniuscujusque</span> <span class='ocrx_word' id='word_1_123' title='bbox 1219 1878 1477 1936; x_wconf 90' lang='lat' dir='ltr'>fortunis</span> <span class='ocrx_word' id='word_1_124' title='bbox 1507 1878 1817 1936; x_wconf 87' lang='lat' dir='ltr'>initorum.</span> 
     </span>
    </p>

    <p class='ocr_par' dir='ltr' id='par_1_3' title="bbox 295 1974 2109 3651">
     <span class='ocr_line' id='line_1_18' title="bbox 410 1974 2109 2053; baseline -0.002 -15"><span class='ocrx_word' id='word_1_125' title='bbox 410 1974 554 2038; x_wconf 82' lang='lat' dir='ltr'>Jam</span> <span class='ocrx_word' id='word_1_126' title='bbox 613 1975 882 2053; x_wconf 88' lang='lat' dir='ltr'>quisquis</span> <span class='ocrx_word' id='word_1_127' title='bbox 943 1976 1107 2035; x_wconf 89' lang='lat' dir='ltr'>istud</span> <span class='ocrx_word' id='word_1_128' title='bbox 1169 1977 1337 2053; x_wconf 84' lang='lat' dir='ltr'>quasi</span> <span class='ocrx_word' id='word_1_129' title='bbox 1402 1975 1574 2034; x_wconf 91' lang='lat' dir='ltr'>filum</span> <span class='ocrx_word' id='word_1_130' title='bbox 1641 1996 1825 2034; x_wconf 89' lang='lat' dir='ltr'>manu</span> <span class='ocrx_word' id='word_1_131' title='bbox 1895 1984 2109 2035; x_wconf 89' lang='lat' dir='ltr'>tenens</span> 
     </span>
     <span class='ocr_line' id='line_1_19' title="bbox 302 2073 2108 2154; baseline -0.001 -20"><span class='ocrx_word' id='word_1_132' title='bbox 302 2074 515 2134; x_wconf 76' lang='lat' dir='ltr'>seriem</span> <span class='ocrx_word' id='word_1_133' title='bbox 587 2073 755 2132; x_wconf 91' lang='lat' dir='ltr'>illam</span> <span class='ocrx_word' id='word_1_134' title='bbox 831 2073 1384 2153; x_wconf 82' lang='lat' dir='ltr'>Agamemnoniam</span> <span class='ocrx_word' id='word_1_135' title='bbox 1452 2074 1775 2154; x_wconf 89' lang='lat' dir='ltr'>diligenter</span> <span class='ocrx_word' id='word_1_136' title='bbox 1849 2075 2108 2145; x_wconf 88' lang='lat' dir='ltr'>evolvet,</span> 
     </span>
     <span class='ocr_line' id='line_1_20' title="bbox 303 2173 2108 2252; baseline 0.002 -21"><span class='ocrx_word' id='word_1_137' title='bbox 303 2173 600 2250; x_wconf 88' lang='lat' dir='ltr'>ejusmodi</span> <span class='ocrx_word' id='word_1_138' title='bbox 660 2174 871 2243; x_wconf 88' lang='lat' dir='ltr'>ferme,</span> <span class='ocrx_word' id='word_1_139' title='bbox 931 2175 993 2231; x_wconf 93' lang='lat' dir='ltr'>ni</span> <span class='ocrx_word' id='word_1_140' title='bbox 1054 2173 1244 2244; x_wconf 85' lang='lat' dir='ltr'>fallor,</span> <span class='ocrx_word' id='word_1_141' title='bbox 1306 2175 1575 2232; x_wconf 90' lang='lat' dir='ltr'>inveniet</span> <span class='ocrx_word' id='word_1_142' title='bbox 1649 2175 1912 2252; x_wconf 89' lang='lat' dir='ltr'>partium</span> <span class='ocrx_word' id='word_1_143' title='bbox 1979 2176 2108 2252; x_wconf 89' lang='lat' dir='ltr'>ejus</span> 
     </span>
     <span class='ocr_line' id='line_1_21' title="bbox 304 2272 2108 2353; baseline 0 -20"><span class='ocrx_word' id='word_1_144' title='bbox 304 2273 644 2342; x_wconf 86' lang='lat' dir='ltr'>discrimen,</span> <span class='ocrx_word' id='word_1_145' title='bbox 709 2282 778 2332; x_wconf 93' lang='lat' dir='ltr'>ut</span> <span class='ocrx_word' id='word_1_146' title='bbox 836 2275 1101 2351; x_wconf 89' lang='lat' dir='ltr'>primum</span> <span class='ocrx_word' id='word_1_147' title='bbox 1162 2274 1225 2331; x_wconf 90' lang='lat' dir='ltr'>in</span> <span class='ocrx_word' id='word_1_148' title='bbox 1285 2275 1415 2351; x_wconf 88' lang='lat' dir='ltr'>ipso</span> <span class='ocrx_word' id='word_1_149' title='bbox 1470 2272 1954 2352; x_wconf 87' lang='lat' dir='ltr'>Agamemnone,</span> <span class='ocrx_word' id='word_1_150' title='bbox 1999 2295 2108 2353; x_wconf 91' lang='lat' dir='ltr'>per</span> 
     </span>
     <span class='ocr_line' id='line_1_22' title="bbox 300 2373 2106 2454; baseline 0.002 -22"><span class='ocrx_word' id='word_1_151' title='bbox 300 2374 494 2432; x_wconf 74' lang='lat' dir='ltr'>nubes</span> <span class='ocrx_word' id='word_1_152' title='bbox 540 2382 604 2432; x_wconf 90' lang='lat' dir='ltr'>et</span> <span class='ocrx_word' id='word_1_153' title='bbox 644 2373 987 2453; x_wconf 87' lang='lat' dir='ltr'>caliginem,</span> <span class='ocrx_word' id='word_1_154' title='bbox 1019 2375 1390 2453; x_wconf 85' lang='lat' dir='ltr'>cogi-tatione</span> <span class='ocrx_word' id='word_1_155' title='bbox 1437 2377 1786 2454; x_wconf 78' lang='lat' dir='ltr'>praecipiant</span> <span class='ocrx_word' id='word_1_156' title='bbox 1831 2376 2106 2436; x_wconf 88' lang='lat' dir='ltr'>homines</span> 
     </span>
     <span class='ocr_line' id='line_1_23' title="bbox 299 2471 2101 2552; baseline 0.002 -23"><span class='ocrx_word' id='word_1_157' title='bbox 299 2479 619 2530; x_wconf 89' lang='lat' dir='ltr'>venturam</span> <span class='ocrx_word' id='word_1_158' title='bbox 661 2471 844 2550; x_wconf 88' lang='lat' dir='ltr'>longo</span> <span class='ocrx_word' id='word_1_159' title='bbox 889 2480 1028 2549; x_wconf 89' lang='lat' dir='ltr'>post</span> <span class='ocrx_word' id='word_1_160' title='bbox 1069 2480 1346 2551; x_wconf 89' lang='lat' dir='ltr'>tempore</span> <span class='ocrx_word' id='word_1_161' title='bbox 1378 2472 1497 2531; x_wconf 88' lang='lat' dir='ltr'>Dei</span> <span class='ocrx_word' id='word_1_162' title='bbox 1527 2474 1845 2544; x_wconf 91' lang='lat' dir='ltr'>ultionem,</span> <span class='ocrx_word' id='word_1_163' title='bbox 1880 2476 2101 2552; x_wconf 90' lang='lat' dir='ltr'>partim</span> 
     </span>
     <span class='ocr_line' id='line_1_24' title="bbox 299 2571 2105 2650; baseline 0 -18"><span class='ocrx_word' id='word_1_164' title='bbox 299 2572 596 2649; x_wconf 78' lang='lat' dir='ltr'>expressis</span> <span class='ocrx_word' id='word_1_165' title='bbox 649 2571 972 2641; x_wconf 73' lang='lat' dir='ltr'>vaticiniis,</span> <span class='ocrx_word' id='word_1_166' title='bbox 1012 2573 1233 2649; x_wconf 87' lang='lat' dir='ltr'>partim</span> <span class='ocrx_word' id='word_1_167' title='bbox 1293 2592 1358 2631; x_wconf 91' lang='lat' dir='ltr'>re</span> <span class='ocrx_word' id='word_1_168' title='bbox 1409 2573 1538 2650; x_wconf 85' lang='lat' dir='ltr'>ipsa</span> <span class='ocrx_word' id='word_1_169' title='bbox 1586 2574 1766 2643; x_wconf 89' lang='lat' dir='ltr'>docti,</span> <span class='ocrx_word' id='word_1_170' title='bbox 1821 2574 1948 2632; x_wconf 91' lang='lat' dir='ltr'>fore</span> <span class='ocrx_word' id='word_1_171' title='bbox 1999 2574 2105 2633; x_wconf 90' lang='lat' dir='ltr'>ali-</span> 
     </span>
     <span class='ocr_line' id='line_1_25' title="bbox 295 2671 2104 2749; baseline 0.001 -19"><span class='ocrx_word' id='word_1_172' title='bbox 295 2673 538 2749; x_wconf 85' lang='lat' dir='ltr'>quando</span> <span class='ocrx_word' id='word_1_173' title='bbox 585 2673 690 2749; x_wconf 87' lang='lat' dir='ltr'>qui</span> <span class='ocrx_word' id='word_1_174' title='bbox 742 2671 1105 2749; x_wconf 91' lang='lat' dir='ltr'>supplicium</span> <span class='ocrx_word' id='word_1_175' title='bbox 1154 2680 1372 2731; x_wconf 86' lang='lat' dir='ltr'>sumat.</span> <span class='ocrx_word' id='word_1_176' title='bbox 1464 2672 1834 2732; x_wconf 86' lang='lat' dir='ltr'>Gravissima</span> <span class='ocrx_word' id='word_1_177' title='bbox 1886 2674 2104 2732; x_wconf 92' lang='lat' dir='ltr'>deinde</span> 
     </span>
     <span class='ocr_line' id='line_1_26' title="bbox 295 2771 2104 2849; baseline 0.001 -19"><span class='ocrx_word' id='word_1_178' title='bbox 295 2773 360 2830; x_wconf 84' lang='lat' dir='ltr'>in·</span> <span class='ocrx_word' id='word_1_179' title='bbox 419 2771 803 2849; x_wconf 87' lang='lat' dir='ltr'>Choephoris</span> <span class='ocrx_word' id='word_1_180' title='bbox 873 2771 1132 2841; x_wconf 88' lang='lat' dir='ltr'>oracula,</span> <span class='ocrx_word' id='word_1_181' title='bbox 1207 2771 1601 2849; x_wconf 90' lang='lat' dir='ltr'>Deorumque</span> <span class='ocrx_word' id='word_1_182' title='bbox 1663 2772 1888 2831; x_wconf 89' lang='lat' dir='ltr'>diserta</span> <span class='ocrx_word' id='word_1_183' title='bbox 1934 2773 2104 2849; x_wconf 89' lang='lat' dir='ltr'>jussa</span> 
     </span>
     <span class='ocr_line' id='line_1_27' title="bbox 296 2869 2103 2949; baseline 0.001 -20"><span class='ocrx_word' id='word_1_184' title='bbox 296 2890 367 2929; x_wconf 87' lang='lat' dir='ltr'>ac</span> <span class='ocrx_word' id='word_1_185' title='bbox 413 2871 722 2936; x_wconf 84' lang='lat' dir='ltr'>ministros</span> <span class='ocrx_word' id='word_1_186' title='bbox 766 2871 1122 2938; x_wconf 58' lang='lat' dir='ltr'>habemus*</span> <span class='ocrx_word' id='word_1_187' title='bbox 1174 2869 1458 2949; x_wconf 87' lang='lat' dir='ltr'>Denique</span> <span class='ocrx_word' id='word_1_188' title='bbox 1505 2871 1875 2930; x_wconf 84' lang='lat' dir='ltr'>Eumenides</span> <span class='ocrx_word' id='word_1_189' title='bbox 1920 2873 2103 2930; x_wconf 88' lang='lat' dir='ltr'>tertio</span> 
     </span>
     <span class='ocr_line' id='line_1_28' title="bbox 297 2969 2103 3049; baseline 0 -21"><span class='ocrx_word' id='word_1_190' title='bbox 297 2969 432 3029; x_wconf 90' lang='lat' dir='ltr'>loco</span> <span class='ocrx_word' id='word_1_191' title='bbox 461 2989 589 3027; x_wconf 89' lang='lat' dir='ltr'>rem</span> <span class='ocrx_word' id='word_1_192' title='bbox 622 2989 868 3028; x_wconf 90' lang='lat' dir='ltr'>omnem</span> <span class='ocrx_word' id='word_1_193' title='bbox 900 2970 1337 3030; x_wconf 86' lang='lat' dir='ltr'>conficiendam</span> <span class='ocrx_word' id='word_1_194' title='bbox 1370 2971 1513 3049; x_wconf 91' lang='lat' dir='ltr'>ipsis</span> <span class='ocrx_word' id='word_1_195' title='bbox 1539 2970 1915 3030; x_wconf 88' lang='lat' dir='ltr'>Numinibus</span> <span class='ocrx_word' id='word_1_196' title='bbox 1938 2991 2103 3029; x_wconf 91' lang='lat' dir='ltr'>com-</span> 
     </span>
     <span class='ocr_line' id='line_1_29' title="bbox 298 3067 2101 3148; baseline 0.001 -22"><span class='ocrx_word' id='word_1_197' title='bbox 298 3069 577 3138; x_wconf 84' lang='lat' dir='ltr'>mittunt,</span> <span class='ocrx_word' id='word_1_198' title='bbox 626 3067 905 3146; x_wconf 50' lang='lat' dir='ltr'>Apollini&gt;</span> <span class='ocrx_word' id='word_1_199' title='bbox 955 3069 1241 3128; x_wconf 87' lang='lat' dir='ltr'>videlicet</span> <span class='ocrx_word' id='word_1_200' title='bbox 1300 3090 1392 3128; x_wconf 65' lang='lat' dir='ltr'>ac&gt;</span> <span class='ocrx_word' id='word_1_201' title='bbox 1433 3069 1746 3139; x_wconf 80' lang='lat' dir='ltr'>Minervae,</span> <span class='ocrx_word' id='word_1_202' title='bbox 1807 3089 2101 3148; x_wconf 84' lang='lat' dir='ltr'>supremae</span> 
     </span>
     <span class='ocr_line' id='line_1_30' title="bbox 298 3168 2102 3248; baseline 0.001 -23"><span class='ocrx_word' id='word_1_203' title='bbox 298 3168 460 3227; x_wconf 93' lang='lat' dir='ltr'>illius</span> <span class='ocrx_word' id='word_1_204' title='bbox 521 3168 854 3227; x_wconf 87' lang='lat' dir='ltr'>voluntatis</span> <span class='ocrx_word' id='word_1_205' title='bbox 912 3169 1362 3246; x_wconf 88' lang='lat' dir='ltr'>interpretibus.</span> <span class='ocrx_word' id='word_1_206' title='bbox 1475 3168 1694 3228; x_wconf 89' lang='lat' dir='ltr'>Nodus</span> <span class='ocrx_word' id='word_1_207' title='bbox 1750 3170 1953 3248; x_wconf 88' lang='lat' dir='ltr'>igitur,</span> <span class='ocrx_word' id='word_1_208' title='bbox 1999 3169 2102 3247; x_wconf 90' lang='lat' dir='ltr'>qui</span> 
     </span>
     <span class='ocr_line' id='line_1_31' title="bbox 299 3267 2100 3349; baseline 0 -22"><span class='ocrx_word' id='word_1_209' title='bbox 299 3269 536 3339; x_wconf 80' lang='lat' dir='ltr'>dicitur,</span> <span class='ocrx_word' id='word_1_210' title='bbox 569 3270 832 3328; x_wconf 90' lang='lat' dir='ltr'>universi</span> <span class='ocrx_word' id='word_1_211' title='bbox 873 3268 1196 3338; x_wconf 89' lang='lat' dir='ltr'>Poematis,</span> <span class='ocrx_word' id='word_1_212' title='bbox 1228 3269 1291 3326; x_wconf 91' lang='lat' dir='ltr'>in</span> <span class='ocrx_word' id='word_1_213' title='bbox 1336 3267 1803 3349; x_wconf 90' lang='lat' dir='ltr'>Agamemnone</span> <span class='ocrx_word' id='word_1_214' title='bbox 1838 3271 2100 3347; x_wconf 91' lang='lat' dir='ltr'>primum</span> 
     </span>
     <span class='ocr_line' id='line_1_32' title="bbox 296 3368 2100 3446; baseline 0.001 -20"><span class='ocrx_word' id='word_1_215' title='bbox 296 3370 577 3436; x_wconf 88' lang='lat' dir='ltr'>nectitur,</span> <span class='ocrx_word' id='word_1_216' title='bbox 635 3370 853 3427; x_wconf 88' lang='lat' dir='ltr'>deinde</span> <span class='ocrx_word' id='word_1_217' title='bbox 924 3370 986 3426; x_wconf 88' lang='lat' dir='ltr'>in</span> <span class='ocrx_word' id='word_1_218' title='bbox 1048 3368 1421 3446; x_wconf 86' lang='lat' dir='ltr'>Choephoris</span> <span class='ocrx_word' id='word_1_219' title='bbox 1480 3369 1845 3446; x_wconf 90' lang='lat' dir='ltr'>implicatior</span> <span class='ocrx_word' id='word_1_220' title='bbox 1902 3370 1971 3427; x_wconf 89' lang='lat' dir='ltr'>fit</span> <span class='ocrx_word' id='word_1_221' title='bbox 2030 3390 2100 3428; x_wconf 92' lang='lat' dir='ltr'>ac</span> 
     </span>
     <span class='ocr_line' id='line_1_33' title="bbox 298 3469 2098 3547; baseline 0.001 -21"><span class='ocrx_word' id='word_1_222' title='bbox 298 3469 517 3538; x_wconf 89' lang='lat' dir='ltr'>durior,</span> <span class='ocrx_word' id='word_1_223' title='bbox 572 3476 878 3547; x_wconf 87' lang='lat' dir='ltr'>postremo</span> <span class='ocrx_word' id='word_1_224' title='bbox 927 3470 1087 3546; x_wconf 88' lang='lat' dir='ltr'>apud</span> <span class='ocrx_word' id='word_1_225' title='bbox 1139 3470 1510 3528; x_wconf 87' lang='lat' dir='ltr'>Eumenidas</span> <span class='ocrx_word' id='word_1_226' title='bbox 1570 3471 1656 3528; x_wconf 82' lang='lat' dir='ltr'>ita</span> <span class='ocrx_word' id='word_1_227' title='bbox 1701 3470 1968 3539; x_wconf 86' lang='lat' dir='ltr'>solvitur,</span> <span class='ocrx_word' id='word_1_228' title='bbox 2029 3482 2098 3528; x_wconf 85' lang='lat' dir='ltr'>ut</span> 
     </span>
     <span class='ocr_line' id='line_1_34' title="bbox 298 3569 2095 3651; baseline 0.001 -25"><span class='ocrx_word' id='word_1_229' title='bbox 298 3588 417 3640; x_wconf 78' lang='lat' dir='ltr'>non</span> <span class='ocrx_word' id='word_1_230' title='bbox 480 3576 606 3627; x_wconf 91' lang='lat' dir='ltr'>tam</span> <span class='ocrx_word' id='word_1_231' title='bbox 669 3570 851 3636; x_wconf 88' lang='lat' dir='ltr'>divini</span> <span class='ocrx_word' id='word_1_232' title='bbox 916 3569 1147 3635; x_wconf 84' lang='lat' dir='ltr'>consilii</span> <span class='ocrx_word' id='word_1_233' title='bbox 1208 3571 1504 3628; x_wconf 87' lang='lat' dir='ltr'>rationem</span> <span class='ocrx_word' id='word_1_234' title='bbox 1567 3576 1858 3646; x_wconf 79' lang='lat' dir='ltr'>exponat,</span> <span class='ocrx_word' id='word_1_235' title='bbox 1914 3589 2095 3651; x_wconf 84' lang='lat' dir='ltr'>quam</span> 
     </span>
    </p>
   </div>
  </div>
 </body>
</html>
