2320 4126
212 228 369 262 PRAEL.
389 227 538 262 xvm.
585 208 797 261 Similia
811 208 1046 279 quaedam
1067 208 1172 278 ejus
1185 209 1333 279 apud
1346 211 1387 261 I
1382 210 1504 263 udos
1512 209 1792 280 perhiberi.
1861 213 1960 264 331

216 353 518 430 tyrannico
562 353 759 410 animo
809 353 1160 409 immensam
1210 352 1550 427 adjunxerit
1600 354 1967 427 potentiam:

215 450 597 525 docueritque
640 451 804 516 ade0‚
855 449 981 506 fore
1038 449 1284 507 fortasse
1329 455 1403 505 ut
1453 447 1768 523 aliquando
1820 450 1971 524 sapi-

215 546 391 614 entia,
436 566 554 602 non
591 547 666 616 vi,
702 547 964 602 vindicet
1007 565 1070 603 se
1113 545 1324 603 melior
1365 564 1498 621 pars
1542 546 1724 603 etiam
1765 553 1973 603 contra

217 661 552 717 supremam
575 642 789 718 pejoris
818 643 1302 700 dominationem.

301 738 625 805 Postremo,
681 739 823 813 quid
860 739 907 796 si
945 739 1097 796 hanc
1132 740 1422 796 rationem
1460 758 1536 796 ex
1573 739 1769 815 aliqua
1803 746 1972 815 parte

215 836 470 892 mutavit
520 835 762 911 insignis
814 834 1019 903 Poeta,
1075 837 1268 893 senior
1312 836 1442 911 jam
1493 835 1721 905 factus3
1793 836 1970 912 prim,

216 933 408 999 cred0‚
467 951 644 1007 quam
704 930 1038 990 Oresteiam
1092 932 1418 991 docuerat?
1524 931 1643 990 Sed
1703 935 1828 1009 ejus
1886 935 1971 992 rei

205 1029 546 1104 judicandae
590 1028 702 1085 erit
731 1028 891 1086 aliud
921 1036 1173 1105 tempus,
1205 1031 1445 1106 propius
1484 1031 1751 1106 inspecto
1792 1031 1973 1107 ipsius

127 1186 138 1193 ,
218 1125 508 1184 Oresteiae
566 1133 792 1184 tenore.
897 1126 1057 1184 Illud
1122 1146 1308 1183 unum
1375 1128 1666 1204 adjiciam,
1725 1128 1972 1185 mirifice

217 1241 539 1298 congruere
582 1221 962 1280 Prometheae
1005 1223 1219 1280 fabulae
1261 1233 1548 1291 mentem,
1593 1225 1830 1299 qualem
1866 1245 1973 1283 nos

218 1318 648 1394 descripsimuS,
697 1338 833 1376 cum
892 1320 962 1377 iis
1020 1338 1150 1394 quae
1208 1321 1282 1377 de
1342 1320 1723 1398 Mythologia
1766 1321 1975 1379 Indica

218 1416 546 1473 docuerunt
586 1422 716 1472 tum
757 1415 857 1473 alii
897 1417 1230 1492 scriptores,
1266 1423 1397 1474 tum
1432 1417 1535 1474 ille
1577 1418 1973 1494 gravissimuS,

217 1512 318 1587 qui
359 1512 623 1569 omnium
666 1511 778 1569 hac
822 1512 1107 1569 memoria
1149 1510 1471 1568 Poetarum
1517 1513 1742 1587 optime
1794 1530 1975 1588 expo-

218 1609 338 1666 suit
386 1608 685 1685 religionis
726 1607 1121 1666 Orientalium
1173 1608 1455 1665 indolem.
1545 1609 1738 1686 Legat
1785 1610 1976 1685 quivis

217 1706 506 1763 attentius
562 1724 647 1773 ea,
699 1707 911 1781 quibus
954 1706 1328 1763 concluditur
1370 1704 1801 1762 nobilissimum
1852 1726 1977 1764 car-

217 1821 357 1859 men
395 1803 470 1859 de
503 1802 784 1878 Tyranno
825 1802 1127 1870 Indorum,
1162 1801 1472 1859 Kehama:
1519 1802 1686 1877 cujus
1721 1803 1974 1860 exitium

217 1898 356 1956 huic
378 1898 552 1955 unice
581 1900 666 1956 rei
697 1899 967 1969 debetur,
999 1899 1158 1974 quod
1187 1897 1468 1956 videlicet
1498 1899 1547 1956 is
1577 1899 1776 1957 omnia
1803 1918 1975 1975 posse

218 1996 516 2070 putaverit
558 1995 730 2054 illum
774 1997 897 2054 sive
945 1995 1142 2054 Deum
1189 1996 1313 2053 sive
1357 1994 1678 2063 hominem,
1720 1997 1820 2071 qui
1855 2015 1975 2053 non

218 2092 415 2150 omnia
457 2093 620 2150 sciat.
708 2091 987 2150 Miranda
1028 2111 1168 2150 sane
1209 2093 1515 2149 consensio
1555 2091 1818 2168 AEschyli
1862 2091 1976 2169 Py-

219 2187 507 2264 thagorici
535 2206 673 2245 cum
703 2187 923 2245 Indicis
951 2187 1068 2245 illis
1099 2188 1467 2245 commentis.

301 2281 507 2359 Atque
535 2284 674 2341 inde
703 2284 948 2342 fortasse
984 2285 1250 2360 capietur
1279 2285 1619 2359 conjectura
1647 2303 1767 2341 non
1805 2284 1972 2354 leviS‚

221 2379 296 2436 de
325 2379 490 2438 fonte
519 2382 775 2459 quodam
805 2382 1102 2459 praecipuo
1131 2380 1431 2458 religionis
1460 2379 1810 2458 AEschyleae.
