2320 4126
174 286 328 320 PRAEL.
350 284 458 317 xv1.
545 263 761 316 maxime
786 279 896 313 cum
922 260 1246 330 reliyionibus
1271 261 1549 327 coozjzmcta.
1826 262 1920 314 271

174 429 336 467 more
356 408 565 473 solent,
586 407 685 481 qui
710 403 952 481 singulis
977 403 1162 460 ferme
1185 403 1352 459 annis
1374 402 1529 476 apud
1550 419 1655 457 nos
1674 401 1933 475 produnt

175 504 371 562 canori
418 503 708 567 homines,
753 500 1053 575 popularis
1097 518 1252 556 aurae
1296 505 1647 572 captatores,
1737 495 1932 552 Immo

175 620 330 665 ver0,
361 599 451 654 uti
493 604 636 653 tunc
668 597 949 670 temporis
994 594 1295 652 habebant
1339 613 1401 650 se
1442 612 1533 649 res
1578 591 1932 659 Hellenicae,

176 695 339 753 nulla
377 712 610 770 prorsus
641 693 776 749 vitae
814 711 946 767 pars
986 699 1131 758 erat,
1176 710 1279 747 seu
1318 690 1477 746 domi
1523 689 1645 745 sive
1684 687 1934 754 militiae,

174 791 404 848 nullum
451 807 643 863 neque
693 788 998 862 publicum
1050 806 1242 861 neque
1300 786 1595 861 privatum
1655 784 1933 852 officium,

176 907 291 963 quo
322 906 440 942 non
470 884 863 960 pertinuerint
894 884 1096 939 statim
1129 882 1379 938 Homeri
1417 881 1694 947 carmina,
1727 899 1931 937 verum

182 984 500 1056 vivumque
529 981 696 1036 istius
737 978 934 1036 saeculi
975 978 1311 1053 exemplam
1355 978 1533 1033 modo
1565 976 1760 1033 colore
1790 995 1934 1051 quo-

175 1079 309 1135 dam
356 1078 671 1142 imbutum,
714 1075 901 1149 qualis
941 1094 1067 1131 esse
1103 1074 1254 1131 solet
1293 1075 1640 1131 exuviarum
1680 1070 1933 1129 labentis

176 1174 302 1241 aevi,
327 1173 422 1228 vel
453 1173 579 1246 ipsa
607 1172 892 1227 moestitia
921 1190 989 1227 ac
1020 1170 1309 1226 desiderio
1337 1172 1680 1246 gratiorum.
1772 1167 1932 1236 Quid

173 1268 408 1325 multa?
453 1268 886 1342 respondebant
923 1266 1247 1324 Homerica
1290 1268 1464 1324 rebus
1504 1274 1683 1341 atque
1723 1265 1933 1322 animis

175 1363 489 1438 aequalium
520 1381 776 1425 suorum,
807 1362 982 1436 plane
1012 1363 1164 1419 sicut
1194 1362 1372 1420 hodie
1402 1363 1762 1437 respondent
1797 1379 1935 1417 can-

172 1459 374 1516 tilenae
403 1459 654 1514 nauticae
683 1466 998 1515 nautarum
1028 1459 1223 1527 rebus,
1255 1459 1616 1533 animisque:
1650 1457 1927 1513 eundem-

174 1575 288 1630 que
346 1555 504 1610 illico
556 1555 665 1610 sibi
713 1554 910 1611 locum
962 1556 1119 1630 apud
1166 1555 1478 1630 populares
1525 1555 1849 1611 vindicavit
1899 1553 1929 1608 ὁ

177 1650 439 1718 Ποιήτης,
464 1670 640 1725 quam
663 1651 818 1725 apud
839 1670 944 1708 1103
969 1650 1337 1726 Shaksperus
1360 1659 1574 1718 noster,
1595 1650 1930 1726 Anglorum
1997 1698 2012 1707 .

172 1748 293 1804 κατ’
326 1744 524 1824 ἐξοχὴν
552 1754 718 1804 vates
738 1748 875 1821 jure
904 1749 1258 1805 nominatus,

286 1843 559 1899 Eundem
619 1842 795 1900 dico?
868 1845 1055 1916 immo
1111 1863 1250 1901 vero
1308 1844 1658 1900 familiarem
1722 1844 1927 1919 magiS‚

174 1940 532 2014 propiusque
571 1940 644 1996 ad
689 1958 815 1996 aras
859 1940 1138 2014 focosque
1182 1942 1604 1997 accedentem:
1667 1940 1928 1997 maxime

171 2039 411 2107 propter
469 2032 735 2089 Deorum
800 2034 1128 2110 religiones,
1191 2035 1542 2110 quibuscum
1602 2035 1929 2091 arctissime

174 2131 489 2203 conjuncta
549 2139 674 2186 erat
732 2148 982 2204 semper,
1039 2132 1129 2187 uti
1202 2133 1403 2199 nostis,
1471 2130 1926 2187 Homerieorum

173 2226 473 2281 memoria.
562 2223 767 2299 Atque
817 2225 915 2282 hic
946 2227 1192 2283 'nemini
1252 2247 1387 2294 non,
1442 2235 1606 2302 puto,
1661 2234 1929 2284 occurret-

174 2320 587 2377 Herodoteum
610 2322 788 2388 istud,
814 2323 887 2378 de
919 2322 1186 2380 Hesiodo
1217 2330 1279 2380 et
1311 2321 1638 2381 Homero¹:
1671 2321 1846 2380 Οὗτοι
1873 2322 1930 2379 δέ

173 2417 276 2472 εἰσ-ι
308 2417 361 2471 οἵ
383 2413 710 2483 ποιησάντες
738 2419 1018 2492 Θεογονίην
1038 2417 1310 2488 ”Ελλησ·ι,
1333 2420 1417 2476 καὶ
1443 2427 1594 2476 τοῖσι
1622 2423 1795 2476 Θεοῖσι
1827 2417 1929 2479 τὰς

171 2510 462 2577 ἐπωνυμίας
502 2510 702 2579 δόντες,
733 2513 818 2568 Καὶ
849 2511 1013 2580 Τίμάς
1051 2540 1118 2570 ΤΕ
1160 2515 1245 2570 Kal
1288 2515 1485 2591 Τέχνας
1524 2513 1809 2581 δίέλΟνΤΕς,
1840 2514 1926 2569 Καὶ

170 2602 309 2660 ε’ίδεα
339 2606 511 2662 αὐτῶν
541 2606 886 2682 σημήναντες.

258 2700 433 2768 Quod
463 2702 689 2776 utique,
722 2711 790 2758 ut
819 2702 1086 2778 plerique
1116 2706 1485 2780 interpretes,
1517 2725 1636 2762 non
1665 2708 1751 2763 ita
1769 2706 1930 2780 judi-

174 2815 375 2853 camus
404 2797 835 2871 accipiendum,
866 2800 1030 2872 quasi
1068 2819 1144 2855 ex
1177 2801 1435 2876 AEgypto
1466 2809 1645 2875 atque
1676 2821 1752 2857 ex
1784 2799 1931 2858 Asia

174 2900 304 2949 tum
336 2894 592 2967 primum
617 2894 972 2951 deduxerint
997 2895 1083 2952 illi
1109 2897 1398 2954 coloniam
1424 2899 1718 2972 quandam
1750 2917 1930 2955 novo-

174 3007 305 3044 rum
335 2990 683 3060 numinum:
722 3010 926 3047 verum
958 2993 1039 3048 sic
1063 2995 1393 3061 statuimus,
1414 2995 1706 3069 principes
1736 3013 1836 3050 eos
1866 2996 1926 3049 in

176 3085 439 3140 ordinem
491 3086 801 3161 redegisse,
857 3087 1116 3144 versibus
1167 3108 1235 3145 ac
1282 3090 1581 3146 memoriae
1628 3109 1928 3146 commen-

178 3181 363 3248 dasse,
384 3200 532 3257 vaga
560 3183 719 3256 prius
750 3190 929 3257 atque
959 3185 1183 3241 incerta
1211 3193 1391 3260 atque
1413 3187 1474 3241 in
1497 3205 1596 3242 ore
1619 3186 1927 3242 hominum

178 3275 475 3332 fluitantia
516 3279 590 3333 de
636 3277 765 3334 Diis
810 3280 928 3335 suis
975 3288 1347 3337 commenta:
1408 3282 1526 3338 suis
1574 3282 1931 3338 carminibus

179 3373 501 3446 reddidisse
536 3374 824 3430 rationem
861 3394 1083 3442 eorum,
1114 3396 1247 3450 quae
1287 3378 1347 3433 in
1388 3377 1588 3434 oculos
1622 3378 1929 3433 hominum

179 3466 343 3521 nullo
376 3487 490 3522 non
525 3475 791 3542 tempore
830 3472 1223 3537 incurrebant,
1256 3473 1527 3529 ludorum
1569 3474 1716 3540 dico,
1757 3475 1932 3530 sacri-

966 3602 975 3627 ¹
1006 3604 1050 3646 ii.
1074 3615 1145 3660 53.
