2320 4126
212 293 371 327 PRAEL.
392 293 502 326 xnt.
634 272 895 326 Trivialia
920 289 1017 324 non
1041 272 1170 325 male
1193 272 1442 324 atrocibus
1455 274 1711 342 prapom‘.
1862 273 1970 325 337

211 420 342 470 tum
377 412 557 470 etiam
601 413 828 469 mentio
878 430 996 468 non
1034 411 1281 469 obscure
1314 411 1472 468 facta
1507 410 1969 486 Clytaemnestrae

210 509 273 564 in
302 509 582 565 maritum
611 507 913 582 peccantis
933 503 956 540 ‘¹
981 525 993 563 :

568 627 622 670 τὰ
641 626 678 671 δ’
700 626 817 670 ἀλλὰ
837 630 964 683 σιγῶ·
996 627 1103 678 βοῦς
1124 625 1194 669 ἐπὶ
1214 627 1402 683 γλώσσῃ
1423 625 1556 683 μέγας

559 697 759 752 βέβηκεν·
793 694 909 741 οἶκος
930 695 967 739 δ’
990 696 1131 747 αὐτός,
1154 696 1192 739 εἷ
1212 695 1414 754 φθογγὴν
1432 695 1579 748 λάβοι,

562 767 808 826 σαφέστατ’
831 766 883 811 ἂν
902 767 1082 822 λέξειεν.

212 881 284 939 Id
311 882 516 957 utique
538 882 875 957 pertinebat
904 881 978 938 ad
1001 880 1313 937 artificium
1337 878 1656 955 poeticum,
1680 885 1748 935 ut
1772 880 1971 936 omnia

207 977 493 1053 principio
528 994 759 1033 summa
787 975 1219 1050 tranquillitate
1250 976 1670 1050 procederent3
1717 993 1793 1030 ne
1815 974 1970 1030 forte

209 1073 492 1129 orituram
530 1072 707 1128 modo
738 1070 1059 1147 procellam
1096 1089 1213 1127 non
1245 1071 1500 1127 anteiret
1531 1088 1753 1138 serena,
1781 1075 1852 1126 ut
1880 1069 1966 1135 fin

211 1166 334 1224 caeli
366 1165 562 1223 facies.

295 1262 522 1320 Eadem
569 1261 719 1317 ratio
763 1267 855 1317 est
897 1261 1284 1337 ingredientis
1327 1260 1389 1315 in
1433 1279 1670 1318 scenam
1714 1259 1967 1336 Pythiae,

214 1359 324 1417 sub
395 1357 565 1414 initio
624 1355 1025 1412 Eumenidum
1049 1375 1064 1424 3
1137 1375 1272 1430 quae
1345 1357 1392 1411 si
1460 1356 1731 1413 videatur
1790 1355 1967 1412 alicui

212 1453 412 1530 paullo
459 1452 717 1528 ineptius
761 1458 954 1508 terere
1005 1457 1258 1526 tempuS,
1306 1452 1630 1508 enarrando
1682 1451 1969 1527 prolixius

211 1557 472 1607 veterem
502 1548 766 1605 locorum
797 1547 1180 1623 religioneme
1200 1566 1300 1604 1—-

561 1687 733 1740 πρῶτον
751 1682 830 1738 μὲν
851 1682 954 1738 εὗχῆ
977 1681 1078 1737 τῇδε
1098 1680 1330 1739 πρεσβεύω
1350 1681 1458 1725 θεῶν

562 1753 640 1809 τὴν
657 1755 956 1810 πρωτόμαντιν
977 1755 1119 1805 Γαῖαν,
1143 1753 1188 1796 ἐκ
1210 1753 1257 1796 δὲ
1278 1754 1353 1808 τῆς
1374 1752 1508 1808 Θέμιν
1523 1769 1596 1795 :—

213 1887 419 1927 vereor
446 1887 522 1925 ne
551 1869 600 1925 is
638 1887 754 1925 non
787 1868 928 1924 satis
966 1874 1129 1924 recte
1159 1867 1337 1924 fuerit
1375 1873 1678 1924 assecutus
1707 1866 1974 1943 AEschyli

212 1964 539 2031 consilium,
584 1963 900 2020 sternentis
940 1963 1052 2020 hoc
1092 1964 1270 2019 modo
1307 1963 1462 2020 viam
1510 1963 1586 2020 ad
1627 1962 1971 2020 horribilem

215 2060 523 2117 Furiarum
569 2059 901 2116 introitum.

564 2192 589 2248 ἢ
613 2193 728 2237 δεῖνα
747 2192 887 2247 λέξαι,
909 2193 1026 2237 δεῖνα
1047 2191 1083 2236 δ’
1106 2173 1561 2249 ὀφθαλμοῖςῠδρακεῖν,

565 2263 696 2308 πάλιν
715 2262 758 2320 μ’
781 2246 992 2328 ἕπεμψᾚά.

216 2379 480 2446 sentitis,
526 2397 597 2436 eo
649 2378 905 2436 atrocius
956 2377 1081 2432 fore
1133 2375 1558 2451 spectaculum,
1603 2394 1720 2450 quo
1782 2376 1973 2451 magis

167 2532 170 2534 ,
216 2475 292 2532 sit
330 2475 732 2551 improvisum,
778 2481 842 2529 et
885 2491 1002 2547 quo
1046 2490 1108 2527 se
1155 2470 1356 2528 durius
1400 2470 1837 2545 quodammodo
1881 2489 1974 2527 res

216 2577 388 2628 atrox
426 2571 489 2626 in
526 2569 832 2627 solennem
870 2566 1107 2623 vivendi
1147 2573 1210 2624 et
1249 2566 1548 2642 cogitandi
1588 2584 1826 2623 cursum
1863 2567 1976 2622 im-

223 2666 448 2741 pingat.
539 2662 784 2720 Scilicet
810 2661 1046 2730 ἐναντία,
1076 2658 1424 2739 παραλληλὰ
1454 2663 1694 2728 μᾶλλον.

300 2759 507 2834 Atque
564 2759 627 2814 in
697 2777 768 2815 eo
825 2757 956 2814 loco
1020 2755 1308 2832 plurimus
1367 2763 1458 2813 est
1522 2756 1808 2823 omnium,
1883 2756 1973 2811 uti

217 2856 418 2923 nostiS‚
455 2854 824 2930 Shaksperus
861 2858 1093 2921 noster3
1138 2871 1258 2908 non
1293 2852 1418 2909 sine
1464 2869 1681 2927 magna
1720 2849 1977 2906 nonnul-

218 2950 425 3018 lorum,
485 2949 586 3024 qui
641 2949 875 3006 criticos
933 2966 995 3005 se
1052 2946 1257 3004 haberi
1314 2946 1541 3013 volunt,
1614 2944 1971 3002 offensione:

218 3064 356 3103 cum
394 3046 444 3102 is
482 3063 771 3119 nusquam
811 3044 997 3101 ferme
1032 3050 1307 3100 vereatur
1344 3043 1592 3134 miscere
1631 3059 1768 3098 cum
1797 3039 1974 3095 rebus

219 3140 595 3198 atrocissimis
641 3147 703 3196 et
759 3139 1100 3196 miserrimis
1149 3157 1242 3195 res
1299 3155 1478 3212 quam
1527 3135 1789 3192 maxime
1834 3133 1974 3189 ridi-

220 3237 400 3295 culas.
479 3236 757 3313 Exempli
791 3236 997 3313 gratia,
1045 3234 1372 3292 Macbethe
1397 3234 1526 3308 jam
1565 3249 1768 3307 regem
1795 3230 1977 3305 jugu-

221 3333 401 3401 lante,
440 3333 659 3391 insulsa
707 3333 979 3408 quaedam
1017 3332 1255 3406 jocatur
1296 3335 1436 3386 ante
1478 3328 1632 3384 fores
1672 3326 1898 3400 janitor
1920 3321 1952 3379 f.

689 3505 707 3530 ‘¹
738 3505 850 3548 Ibid.
874 3515 946 3561 35·
1259 3509 1275 3527 ·
1305 3486 1433 3544 Eumss
1462 3515 1499 3544 ι.

606 3575 620 3600 f
646 3575 865 3626 Machala,
889 3574 990 3617 Act.
1013 3574 1056 3617 ii.
1081 3573 1150 3617 Sc·
1176 3587 1235 3629 33
1268 3573 1458 3623 Hamlet,
1480 3585 1523 3614 v.
1551 3585 1589 3614 1.

1077 3664 1113 3702 Z
