2320 4126
167 249 323 282 PRAEL.
348 248 462 282 x1v.
505 230 710 283 Coeoum
735 247 847 281 ewm
871 235 1082 281 testatur
1105 228 1342 296 Hymnus
1366 231 1442 282 ad
1462 232 1764 300 Apollinem.
1811 236 1918 292 239

166 384 394 442 animus
442 384 659 459 inopiae
702 383 951 458 patiens,
996 383 1069 440 ad
1114 383 1370 440 alterum
1409 384 1536 458 jam
1585 392 1766 460 caput
1815 386 1922 442 ho-

167 481 387 537 diernae
430 478 843 553 disputationis
889 479 1234 555 aggrediar3
1299 481 1467 554 cujus
1514 499 1652 536 cum
1696 500 1802 556 par
1844 482 1921 538 sit

167 583 345 651 atque
376 575 583 632 eadem
615 576 800 631 ferme
844 577 1012 643 rati0,
1044 595 1163 633 non
1205 577 1318 633 erit
1356 596 1462 633 cur
1489 596 1596 634 nos
1626 578 1685 633 in
1718 597 1789 634 eo
1820 578 1921 634 diu

166 689 481 728 moremur.
591 669 831 745 Nempe
890 671 963 728 de
1023 670 1274 728 Homeri
1332 672 1605 729 coecitate
1663 672 1793 739 fuit,
1853 680 1922 729 ut

167 767 366 833 nostiS,
419 766 894 823 constantissima
950 773 1221 823 veterum
1280 768 1471 824 fama:
1546 768 1620 824 de
1670 787 1787 843 qua
1844 787 1921 825 ne

168 863 402 919 dubitet
471 861 697 936 aliquis,
765 862 1174 937 gravissimum
1239 863 1527 920 habemus
1598 870 1920 931 auctorem,

166 954 612 1034 Thucydidemf.
702 957 760 1014 Is
810 957 974 1014 velut
1034 957 1386 1016 Homericos
1434 959 1607 1034 plane
1658 959 1922 1016 laudavit

169 1055 535 1112 dulcissimos
565 1054 639 1111 de
671 1053 825 1111 Delo
857 1073 1073 1121 VersuS,
1104 1055 1317 1128 quibus
1347 1054 1625 1123 clausula,

402 1204 570 1261 τυφλὸς
590 1202 710 1260 ἀνὴρ,
733 1203 839 1246 οἶκεῖ
860 1202 907 1246 δὲ
928 1202 1019 1262 Χίῳ
1041 1201 1102 1246 ε’νὶ
1122 1201 1448 1258 παιπαλοέσσῃ.

167 1341 261 1398 Ac
292 1341 364 1397 de
408 1338 632 1414 reliquo
663 1339 902 1413 quidem
947 1339 1222 1404 carmine,
1264 1338 1357 1394 cui
1403 1356 1622 1394 nomen
1666 1338 1921 1394 inditum

169 1445 278 1505 est,
303 1428 624 1512 “Hymnus
648 1436 721 1491 ad
746 1433 1144 1510 Apollinem,''
1163 1434 1397 1509 judicet
1429 1434 1570 1508 quid
1594 1434 1739 1490 velit
1769 1436 1926 1508 quis-

171 1534 367 1610 piam3
440 1532 586 1588 illud
647 1539 849 1588 autem
907 1531 1307 1607 fragmentum
1366 1528 1635 1587 Homero
1703 1530 1926 1606 absque

170 1631 329 1687 omni
370 1629 764 1686 controversia
792 1628 1054 1684 vindicat
1093 1646 1213 1684 non
1249 1626 1441 1684 solum
1482 1626 1771 1684 Historici
1808 1634 1924 1684 tes-

133 1752 137 1756 ·
168 1726 498 1792 timonium,
531 1744 734 1781 verum
772 1726 951 1782 etiam
988 1725 1113 1800 ipse
1159 1724 1438 1781 orationis
1485 1724 1663 1792 color,
1694 1731 1756 1781 et
1797 1744 1928 1781 sua-

170 1823 426 1880 vissimae
456 1821 764 1879 sententiae
795 1823 1090 1879 decursus
1139 1821 1345 1878 Unum
1375 1822 1553 1878 modo
1584 1821 1924 1897 exemplum

172 1919 480 1994 proferam,
509 1937 585 1974 ne
614 1918 676 1989 in
704 1918 879 1974 rebus
903 1918 1232 1974 decantatis
1254 1918 1393 1973 fiam
1423 1918 1577 1974 forte
1606 1918 1927 1975 molestior.

175 2015 516 2072 Secundum
574 2034 644 2071 ea
694 2033 822 2088 quae
873 2015 1168 2090 excerpsit
1219 2014 1609 2089 ThucydideS,
1656 2015 1747 2071 his
1798 2034 1931 2089 pro-

173 2112 364 2168 missis
455 2109 755 2168 demulcet
842 2110 1032 2167 Poeta
1118 2116 1556 2167 sacrosanctum
1635 2112 1928 2188 virginum

175 2215 469 2265 coetumssz

409 2342 529 2398 ἡμεῖς
549 2341 585 2385 δ’
608 2342 814 2400 ὑμέτερον
834 2342 959 2387 κλέος
979 2340 1171 2398 οἴσομεν,
1195 2341 1338 2387 ὅσσον
1359 2341 1423 2386 ἐπ’
1447 2339 1542 2386 αἶαν

409 2415 643 2472 ἀνθρώπων
665 2414 983 2472 στρεφόμεσθα
1003 2416 1153 2459 πόλεις
1174 2414 1498 2460 εὗναιεταώσας·

412 2485 453 2529 οἳ
473 2484 509 2530 δ’
533 2486 605 2530 ἐπὶ
626 2486 677 2542 δὴ
698 2486 937 2538 πείσονται,
960 2486 1052 2530 ἐπεὶ
1073 2486 1142 2529 καὶ
1163 2485 1371 2543 ἐτήτυμόν
1393 2486 1528 2530 ἐστιν.

180 2620 389 2677 Nolite
419 2628 629 2696 putare
658 2620 881 2677 clarum
915 2628 978 2677 et
1007 2620 1260 2696 simplex
1289 2621 1454 2686 illud,
1486 2620 1601 2677 ἐπεὶ
1631 2621 1718 2677 καὶ
1743 2621 1934 2688 ἐτήτυ-

176 2717 280 2783 μόν
312 2717 480 2785 ἐστιν,
521 2717 693 2774 facile
732 2717 806 2773 ab
842 2717 958 2773 alio
1003 2725 1264 2785 auctore,
1306 2737 1482 2792 quam
1526 2719 1601 2774 ab
1647 2717 1933 2786 Homero,

178 2814 465 2890 proficisci
494 2814 774 2888 potuisse.

264 2909 583 2984 Reliquum
615 2917 816 2966 autem
847 2929 1083 2966 carmen
1115 2912 1272 2986 quod
1313 2912 1548 2979 attinet,
1581 2913 1798 2987 possim
1838 2912 1935 2970 hic

179 3005 349 3082 plura
392 3012 678 3073 attexere,
716 3025 845 3081 quae
890 3005 1229 3063 Homerum
1271 3007 1447 3083 plane
1485 3027 1689 3084 sapere
1733 3010 1937 3066 viden-

181 3110 310 3159 tur:
356 3120 690 3176 quanquam
734 3103 860 3177 ejus
902 3103 1171 3159 membra
1220 3105 1434 3161 misere
1479 3105 1726 3179 disjecta
1768 3105 1936 3180 lapsu

180 3198 463 3273 temporis
506 3198 580 3255 ad
623 3217 730 3255 nos
779 3200 1176 3274 pervenerint.
1266 3200 1387 3257 Sed
1435 3220 1511 3257 ne
1562 3201 1808 3276 longum
1852 3202 1937 3259 fa-

184 3295 353 3378 ciam,
400 3295 576 3350 modo
627 3296 1006 3371 perpendatis
1054 3297 1231 3353 velim
1291 3295 1398 3353 illa
1445 3297 1934 3372 splendidissima,

302 3452 322 3483 f
349 3452 554 3510 Thucyd.
576 3453 637 3497 iii.
666 3467 762 3508 104.
1240 3462 1258 3488 Ε
1291 3455 1462 3514 Hymn.
1485 3456 1540 3500 ad
1561 3457 1694 3515 Apol.
1721 3468 1818 3515 174.
